2180 3537
1060 392 1129 443 45³4
1173 398 1206 435 Ω,
1247 393 1318 444 ἐξ

417 488 625 543 citatam
648 486 1030 541 multitudinem
1052 503 1311 560 tamquam
1336 486 1388 540 in
1412 501 1689 560 tyrannum
1711 504 1932 540 armasse
1951 527 1968 551 ,

416 583 595 652 parum
614 579 987 632 infortunatum
1001 578 1293 652 Principem
1319 599 1385 632 ex
1405 578 1656 633 altissimo
1680 577 1849 650 regiae
1868 597 1972 630 ma-

414 670 609 743 jestatis
630 669 988 741 potentiaeque
1010 671 1223 744 fastigio
1259 672 1316 724 in
1357 671 1671 725 teterrimum
1708 690 1969 725 carcerem

417 760 703 832 conjecisse
727 782 743 824 ;
769 761 867 816 nisi
889 762 1041 816 etiam
1061 762 1183 816 hinc
1208 765 1272 816 ad
1293 762 1684 834 injustissimum
1708 764 1930 817 tribunal
1953 805 1968 828 ,

416 874 484 908 ex
501 873 662 925 eoque
680 855 745 907 ad
763 853 1076 926 supplicium
1096 853 1504 908 crudelissimum
1525 872 1770 926 raperent.
1794 856 1839 908 O
1861 855 1973 907 inu·

415 965 546 1002 stam
582 947 736 1001 etiam
768 949 887 1001 huic
922 948 1130 1003 saeculo
1159 946 1472 1001 crudelitatis
1507 963 1559 999 et
1589 946 1847 998 barbariae
1881 967 1974 999 no-

420 1056 525 1093 tam
550 1043 561 1091 1
591 1040 636 1092 O
658 1039 1001 1093 miserandum
1033 1039 1272 1111 ancipitis
1296 1039 1621 1110 lubricaeque
1643 1039 1846 1111 Regum
1870 1041 1974 1092 for-

420 1147 578 1185 tunae
613 1133 905 1203 exemplum
929 1173 943 1195 ‚
975 1132 1117 1202 quod
1154 1131 1337 1185 infelix
1375 1131 1575 1185 Galliae
1613 1133 1974 1203 Navarraeque

418 1224 538 1278 Rex
573 1225 999 1278 LVDOVICVS
1036 1225 1188 1277 XVI.
1232 1223 1413 1294 paucis
1451 1225 1516 1276 ab
1552 1224 1673 1276 hinc
1710 1222 1973 1276 mensibus

419 1316 658 1387 reliquit!
703 1315 757 1369 in
779 1318 919 1388 quod
941 1315 1185 1370 cultiores
1224 1317 1459 1387 Europae
1496 1316 1676 1387 populi
1714 1315 1974 1369 intuentes

418 1409 794 1479 obstupescunt
819 1410 984 1462 adhuc
1010 1448 1023 1471 ‚
1060 1423 1111 1461 et
1133 1407 1289 1461 altius
1311 1408 1487 1461 animo
1511 1407 1857 1461 inhaerentem
1883 1409 1976 1461 do—

418 1498 579 1552 lorem
603 1499 843 1572 mitigare
864 1520 965 1571 qua
987 1520 1119 1557 Voce
1141 1542 1155 1565 ‚
1199 1519 1299 1572 qua
1319 1499 1525 1571 scriptis
1546 1541 1560 1563 ,
1593 1500 1781 1572 ubique
1801 1500 1976 1555 fremi-

421 1606 476 1644 tu
500 1592 724 1660 quodam
749 1608 800 1644 et
819 1591 1179 1664 indignatione
1201 1608 1458 1645 conantur
1481 1596 1492 1643 !
1525 1593 1723 1645 Verum
1747 1612 1808 1645 eo
1830 1610 1971 1646 nunc

419 1681 690 1737 difficilius
713 1699 969 1736 conantur
989 1724 1004 1746 ‚
1047 1703 1152 1754 quo
1185 1681 1351 1753 major
1387 1682 1515 1737 olim
1552 1682 1607 1735 in
1631 1683 1737 1737 dies
1760 1682 1977 1756 affulge-

422 1776 516 1827 bat
538 1794 651 1846 spes
675 1815 690 1839 ,
727 1776 837 1829 fore
876 1791 934 1828 ut
967 1773 1168 1827 afflicta
1196 1773 1358 1846 Regis
1378 1772 1614 1828 conditio
1635 1773 1977 1828 factiosorum

420 1867 691 1921 hominum
734 1865 934 1920 animos
980 1866 1046 1919 ad
1081 1864 1304 1937 aliquem
1340 1879 1609 1922 revocaret
1643 1864 1979 1919 humanitatis

421 1977 628 2014 sensum
652 2002 668 2025 7
706 1975 795 2013 aut
817 1957 955 2030 apud
975 1957 1146 2013 omnis
1178 1956 1513 2012 humanitatis
1551 1971 1786 2029 expertes
1813 1956 1979 2011 homi-

419 2069 512 2105 nes
534 2052 725 2107 valeret
745 2049 927 2122 aliquis
952 2049 1133 2113 timor,
1152 2069 1216 2103 ne
1237 2048 1456 2103 aliorum
1480 2048 1535 2103 in
1557 2068 1611 2104 se
1631 2049 1837 2123 Regum
1857 2049 1980 2103 odia

423 2145 748 2200 concitarent
769 2185 784 2209 ‚
822 2164 1039 2216 quorum
1061 2142 1298 2197 nonnulli
1334 2142 1390 2197 in
1425 2161 1517 2197 eos
1538 2162 1679 2197 arma
1697 2140 1803 2213 jam
1827 2161 1978 2214 cepe-

425 2254 538 2291 rant
560 2279 574 2302 ,
611 2237 698 2291 alii
721 2237 1043 2291 intentabant
1069 2279 1084 2302 ‚
1118 2236 1219 2292 nisi
1250 2235 1564 2292 abstinerent
1589 2235 1785 2289 nefario
1806 2236 1971 2290 scele-

427 2349 480 2383 re
504 2371 515 2383 .
557 2332 636 2383 Ita
656 2330 863 2402 quidem
886 2330 1094 2404 plurimi
1116 2330 1461 2404 opinabantur
1477 2370 1493 2394 ,
1529 2329 1652 2383 dum
1673 2329 1841 2383 adhuc
1868 2345 1976 2384 erat

410 2422 652 2498 'incertus
681 2422 852 2476 exitus
877 2465 891 2487 ,
923 2441 974 2477 et
1003 2443 1191 2496 anceps
1223 2423 1429 2477 fortuna
1453 2421 1615 2496 Regis
1640 2441 1658 2484 ;
1695 2441 1861 2494 neque
1890 2441 1980 2476 eos

391 2527 395 2531 ’
432 2515 670 2585 profecto
694 2515 959 2570 fefellisset
978 2516 1159 2588 opinio
1181 2557 1196 2580 ‚
1234 2515 1333 2570 nisi
1357 2516 1473 2588 plus
1495 2535 1648 2587 quam
1675 2514 1844 2589 gentis
1867 2515 1984 2569 uni-

427 2626 605 2662 versae
640 2625 760 2665 Vota
786 2611 1153 2663 nonnullorum
1175 2608 1468 2664 immanitas
1504 2607 1858 2662 et-artificium
1889 2626 1982 2663 Va-

432 2699 644 2752 luisset.
686 2702 807 2753 Non
829 2701 965 2755 enim
988 2701 1158 2756 omnis
1199 2718 1301 2754 tam
1340 2701 1526 2756 atrocis
1551 2700 1737 2774 flagitii
1768 2700 1987 2755 insimu-

438 2792 593 2846 landa
616 2791 787 2848 Gallia
809 2833 825 2859 ,
869 2793 961 2849 ubi
997 2792 1278 2850 furentium
1315 2793 1654 2867 quorumdam
1697 2789 1989 2865 conjurato·
