2180 3537
1030 380 1100 432 4&
1144 387 1216 426 20
1257 381 1328 435 ψ

405 498 585 556 ptuum
611 482 979 556 temperatione
1010 485 1204 540 centies
1239 482 1574 559 quinquagies
1608 482 1663 539 in
1699 484 1952 542 aerarium

406 576 678 648 quotannis
701 577 1029 631 redundarint
1050 598 1062 631 :
1106 594 1228 631 nota
1250 594 1368 632 sunt
1388 577 1543 631 etiam
1566 577 1806 631 omnibus
1844 577 1958 648 ejus

402 666 468 719 de
505 666 698 720 aerario
736 667 1052 721 restituendo
1089 669 1238 740 plena
1275 668 1542 740 aequitatis
1579 669 1960 741 sapientiaeque

399 758 620 812 consilia
638 801 654 823 ⁷
691 778 819 831 quae
841 759 884 814 si
908 759 1189 816 valuissent
1211 801 1225 824 ‚
1250 760 1495 832 pecuniae
1516 761 1719 833 inopiae
1740 765 1957 819 subven-

397 863 511 903 tum
534 850 655 904 satis
680 865 813 905 esset
831 892 845 914 ‚
869 870 1033 923 neque
1054 871 1155 904 una
1173 871 1290 906 cum
1313 852 1456 925 Rege
1478 871 1577 905 suo
1595 853 1955 907 amantissimo

396 940 453 995 in
500 958 577 996 tot
612 961 876 997 aerumnas
916 943 1089 996 Gallia
1130 943 1444 998 concidisset
1472 984 1484 996 .
1531 944 1631 998 Sed
1666 945 1954 999 obsistebat:

394 1035 623 1087 conflata
644 1034 836 1105 jamdiu
856 1036 1015 1109 Regis
1048 1037 1273 1091 hostium
1297 1036 1544 1101 societas,
1565 1055 1782 1109 quorum
1807 1037 1954 1109 regni

391 1127 642 1180 aerarium
665 1127 918 1181 exhauriri
943 1130 1271 1183 vehementer
1293 1128 1569 1191 intererat,
1607 1143 1667 1180 ut
1697 1127 1752 1180 in
1790 1127 1952 1198 perdi-

390 1219 459 1274 tis
481 1221 628 1273 rebus
652 1240 713 1273 eo
733 1220 934 1292 Regem
956 1222 1265 1273 adducerent
1284 1262 1302 1284 .,
1341 1219 1567 1273 utillum
1609 1218 1767 1271 totius
1803 1217 1951 1290 regni

390 1329 710 1367 conventum
732 1311 894 1366 indici
932 1311 1162 1382 juberet,
1200 1331 1306 1384 quo
1338 1328 1428 1365 aut
1465 1310 1776 1366 connivente
1799 1350 1813 1372 ‚
1859 1323 1952 1361 aut

388 1401 665 1473 adjuvante
684 1444 699 1468 ‚
724 1422 844 1458 suos
867 1403 986 1457 illos
1009 1403 1265 1476 cogitatos
1287 1402 1481 1456 furores
1504 1402 1647 1456 brevi
1671 1404 1873 1473 explere
1897 1419 1952 1453 ‘e

385 1514 538 1567 posse
561 1498 830 1567 sperabant
850 1537 861 1548 .
896 1497 1014 1549 Hoc
1038 1495 1163 1548 boni
1183 1493 1378 1565 jamdiu
1402 1496 1721 1566 exoptabant
1738 1536 1753 1558 ‚
1775 1514 1835 1548 ut
1857 1497 1946 1550 de-

386 1585 688 1640 liberaretur
707 1606 807 1657 qua
828 1585 1023 1640 ratione
1040 1585 1304 1640 ruentibus
1325 1585 1557 1657 quotidie
1593 1585 1647 1638 in
1684 1583 1831 1657 pejus
1872 1606 1949 1639 re-

382 1678 475 1752 gni
499 1677 718 1732 fortunis
742 1676 1013 1742 succurri,
1053 1696 1230 1750 resque
1252 1677 1420 1731 omnis
1441 1677 1649 1748 publica
1670 1677 1734 1730 ab
1771 1676 1946 1730 immi-

378 1769 528 1824 nenti
555 1768 852 1822 calamitate
873 1769 1061 1826 servari
1086 1783 1297 1840 posset:
1335 1770 1664 1840 postulabant
1694 1785 1745 1823 et
1782 1769 1903 1822 mali
1924 1810 1943 1834 ,

380 1880 600 1933 quorum
622 1875 711 1914 aut
732 1859 986 1932 privatam
1008 1859 1376 1916 obscuritatem
1399 1859 1769 1914 fastidientium
1795 1902 1810 1925 ‚
1851 1876 1942 1915 aut

378 1951 721 2007 domesticam
759 1952 992 2024 inopiam
1030 1971 1184 2026 aegre
1216 1950 1487 2006 ferentium
1518 1951 1824 2016 ambitioni,
1851 1967 1942 2007 aut

372 2043 659 2115 cupiditati
681 2043 994 2098 uberrimum
1017 2058 1307 2101 conventus
1338 2042 1436 2097 iste
1461 2042 1707 2114 pabulum
1726 2042 1941 2114 pollice-

377 2136 530 2190 batur
570 2157 588 2200 τ,
629 2137 881 2210 urgebant
916 2156 1041 2195 vero
1074 2135 1342 2211 religionis
1375 2178 1390 2201 ‚
1431 2135 1693 2209 Regisque
1728 2136 1903 2191 hostes
1921 2151 1942 2200 ,'

376 2248 593 2300 quorum
617 2229 915 2283 moli-tiones
947 2248 1012 2284 eo
1051 2229 1433 2301 dirigebantur,
1477 2244 1537 2281 ut
1569 2227 1626 2281 in
1663 2226 1937 2281 sententia-

375 2337 490 2372 rum
527 2319 773 2375 varietate
807 2359 824 2385 ‚
866 2338 997 2392 quae
1036 2317 1334 2391 hujusmodi
1369 2333 1724 2377 conventuum
1757 2337 1935 2375 comes

371 2410 670 2481 plerumque
692 2429 803 2465 esse
825 2413 955 2466 solet
971 2451 994 2475 ,.
1029 2431 1088 2465 ea
1108 2410 1478 2466 discordia-rum
1517 2410 1933 2483 seditionumque

365 2501 569 2555 semina
590 2499 818 2571 jacerent
841 2542 857 2567 ‚
901 2522 968 2557 ex
988 2502 1175 2574 quibus
1214 2502 1384 2576 aliqua
1416 2501 1658 2576 religioni
1692 2501 1932 2574 Regique

368 2590 546 2646 fatalis
582 2593 742 2648 totius
778 2595 923 2667 regni
960 2594 1272 2666 perturbatio
1308 2595 1566 2667 prodiret:
1611 2612 1775 2665 neque
1810 2595 1930 2649 Rex

370 2683 848 2756 indulgentissimus
887 2686 1182 2750 recusavit,
1235 2685 1357 2757 qui,
1400 2686 1496 2740 etsi
1517 2683 1927 2740 dominationem

369 2793 532 2857 suam*
552 2776 608 2832 in
647 2778 749 2834 hoc
790 2793 1057 2840 conventu
1094 2776 1426 2839 imminutum
1469 2776 1531 2836 iri
1571 2776 1925 2852 prospicerem
