<?xml version="1.0" encoding="UTF-8"?>
<!DOCTYPE html PUBLIC "-//W3C//DTD XHTML 1.0 Transitional//EN"
    "http://www.w3.org/TR/xhtml1/DTD/xhtml1-transitional.dtd">
<html xmlns="http://www.w3.org/1999/xhtml" xml:lang="en" lang="en">
 <head>
  <title>
</title>
<meta http-equiv="Content-Type" content="text/html;charset=utf-8" />
  <meta name='ocr-system' content='tesseract 3.04.00' />
  <meta name='ocr-capabilities' content='ocr_page ocr_carea ocr_par ocr_line ocrx_word'/>
</head>
<body>
  <div class='ocr_page' id='page_1' title='image "./infunereludovici00lear_0009.png"; bbox 0 0 2180 3537; ppageno 0'>
   <div class='ocr_carea' id='block_1_1' title="bbox 185 363 1724 556">
    <p class='ocr_par' dir='ltr' id='par_1_1' title="bbox 185 363 1724 556">
     <span class='ocr_line' id='line_1_1' title="bbox 874 363 1051 423; baseline -0.006 0"><span class='ocrx_word' id='word_1_1' title='bbox 874 366 911 423; x_wconf 89' lang='lat' dir='ltr'><em>I</em></span> <span class='ocrx_word' id='word_1_2' title='bbox 947 365 984 423; x_wconf 93' lang='lat' dir='ltr'><em>I</em></span> <span class='ocrx_word' id='word_1_3' title='bbox 1018 363 1051 422; x_wconf 90' lang='lat' dir='ltr'><em>I</em></span> 
     </span>
     <span class='ocr_line' id='line_1_2' title="bbox 185 473 1724 556; baseline -0.004 -12"><span class='ocrx_word' id='word_1_4' title='bbox 185 484 359 544; x_wconf 85' lang='lat' dir='ltr'>tione</span> <span class='ocrx_word' id='word_1_5' title='bbox 407 480 681 541; x_wconf 85' lang='lat' dir='ltr'>eminere</span> <span class='ocrx_word' id='word_1_6' title='bbox 719 524 737 556; x_wconf 84' lang='grc'>,</span> <span class='ocrx_word' id='word_1_7' title='bbox 785 500 856 542; x_wconf 92' lang='lat' dir='ltr'>ac</span> <span class='ocrx_word' id='word_1_8' title='bbox 901 475 1211 540; x_wconf 83' lang='lat' dir='ltr'>dominari</span> <span class='ocrx_word' id='word_1_9' title='bbox 1254 473 1452 538; x_wconf 80' lang='lat' dir='ltr'>veluti</span> <span class='ocrx_word' id='word_1_10' title='bbox 1496 473 1724 553; x_wconf 82' lang='lat' dir='ltr'>debet,</span> 
     </span>
    </p>
   </div>
   <div class='ocr_carea' id='block_1_2' title="bbox 189 607 1728 695">
    <p class='ocr_par' dir='ltr' id='par_1_2' title="bbox 189 607 1728 695">
     <span class='ocr_line' id='line_1_3' title="bbox 189 607 1728 695; baseline -0.003 -21"><span class='ocrx_word' id='word_1_11' title='bbox 189 610 577 674; x_wconf 85' lang='lat' dir='ltr'>elaboratum</span> <span class='ocrx_word' id='word_1_12' title='bbox 613 610 921 673; x_wconf 85' lang='lat' dir='ltr'>industria</span> <span class='ocrx_word' id='word_1_13' title='bbox 962 607 1212 673; x_wconf 85' lang='lat' dir='ltr'>dicendi</span> <span class='ocrx_word' id='word_1_14' title='bbox 1238 630 1428 695; x_wconf 83' lang='lat' dir='ltr'>genus</span> <span class='ocrx_word' id='word_1_15' title='bbox 1468 630 1728 694; x_wconf 83' lang='lat' dir='ltr'>respue-</span> 
     </span>
    </p>
   </div>
   <div class='ocr_carea' id='block_1_3' title="bbox 188 739 1742 2674">
    <p class='ocr_par' dir='ltr' id='par_1_3' title="bbox 188 739 1738 1487">
     <span class='ocr_line' id='line_1_4' title="bbox 190 739 1731 823; baseline -0.002 -19"><span class='ocrx_word' id='word_1_16' title='bbox 190 766 256 805; x_wconf 91' lang='lat' dir='ltr'>re</span> <span class='ocrx_word' id='word_1_17' title='bbox 293 764 478 803; x_wconf 86' lang='lat' dir='ltr'>omne</span> <span class='ocrx_word' id='word_1_18' title='bbox 510 739 873 801; x_wconf 82' lang='lat' dir='ltr'>videbatur.</span> <span class='ocrx_word' id='word_1_19' title='bbox 905 741 1165 800; x_wconf 82' lang='lat' dir='ltr'>Habent</span> <span class='ocrx_word' id='word_1_20' title='bbox 1195 741 1313 797; x_wconf 91' lang='lat' dir='ltr'>hoc</span> <span class='ocrx_word' id='word_1_21' title='bbox 1345 758 1575 823; x_wconf 90' lang='lat' dir='ltr'>nempe</span> <span class='ocrx_word' id='word_1_22' title='bbox 1605 761 1731 801; x_wconf 81' lang='lat' dir='ltr'>ma-</span> 
     </span>
     <span class='ocr_line' id='line_1_5' title="bbox 188 864 1731 961; baseline -0.003 -26"><span class='ocrx_word' id='word_1_23' title='bbox 188 876 290 961; x_wconf 81' lang='lat' dir='ltr'>gni</span> <span class='ocrx_word' id='word_1_24' title='bbox 327 873 568 935; x_wconf 89' lang='lat' dir='ltr'>dolores</span> <span class='ocrx_word' id='word_1_25' title='bbox 599 921 617 950; x_wconf 78' lang='grc'>,</span> <span class='ocrx_word' id='word_1_26' title='bbox 654 889 723 934; x_wconf 85' lang='lat' dir='ltr'>ut</span> <span class='ocrx_word' id='word_1_27' title='bbox 752 920 769 949; x_wconf 84' lang='grc'>,</span> <span class='ocrx_word' id='word_1_28' title='bbox 816 871 1010 958; x_wconf 88' lang='lat' dir='ltr'>siquis</span> <span class='ocrx_word' id='word_1_29' title='bbox 1053 891 1156 931; x_wconf 91' lang='lat' dir='ltr'>eos</span> <span class='ocrx_word' id='word_1_30' title='bbox 1209 864 1498 930; x_wconf 76' lang='lat' dir='ltr'>refricare</span> <span class='ocrx_word' id='word_1_31' title='bbox 1538 868 1731 932; x_wconf 90' lang='lat' dir='ltr'>soler·-</span> 
     </span>
     <span class='ocr_line' id='line_1_6' title="bbox 189 999 1733 1090; baseline -0.003 -22"><span class='ocrx_word' id='word_1_32' title='bbox 189 1008 312 1069; x_wconf 82' lang='lat' dir='ltr'>tius</span> <span class='ocrx_word' id='word_1_33' title='bbox 341 1006 494 1069; x_wconf 64' lang='lat' dir='ltr'>velit</span> <span class='ocrx_word' id='word_1_34' title='bbox 522 1054 538 1082; x_wconf 83' lang='grc'>,</span> <span class='ocrx_word' id='word_1_35' title='bbox 564 1004 747 1068; x_wconf 88' lang='lat' dir='ltr'>facile</span> <span class='ocrx_word' id='word_1_36' title='bbox 774 1001 1217 1067; x_wconf 72' lang='lat' dir='ltr'>recrudescant</span> <span class='ocrx_word' id='word_1_37' title='bbox 1234 1026 1252 1081; x_wconf 79' lang='lat'>3</span> <span class='ocrx_word' id='word_1_38' title='bbox 1280 1019 1469 1090; x_wconf 87' lang='lat' dir='ltr'>atque</span> <span class='ocrx_word' id='word_1_39' title='bbox 1496 999 1733 1065; x_wconf 77' lang='lat' dir='ltr'>adhibi-</span> 
     </span>
     <span class='ocr_line' id='line_1_7' title="bbox 189 1135 1738 1226; baseline -0.003 -25"><span class='ocrx_word' id='word_1_40' title='bbox 189 1143 266 1201; x_wconf 77' lang='lat' dir='ltr'>tis</span> <span class='ocrx_word' id='word_1_41' title='bbox 298 1139 695 1226; x_wconf 78' lang='lat' dir='ltr'>eloquentiae</span> <span class='ocrx_word' id='word_1_42' title='bbox 725 1136 1003 1200; x_wconf 86' lang='lat' dir='ltr'>artificiis</span> <span class='ocrx_word' id='word_1_43' title='bbox 1038 1135 1413 1224; x_wconf 87' lang='lat' dir='ltr'>plerumque</span> <span class='ocrx_word' id='word_1_44' title='bbox 1442 1151 1738 1198; x_wconf 83' lang='lat' dir='ltr'>arescunt</span> 
     </span>
     <span class='ocr_line' id='line_1_8' title="bbox 188 1265 1732 1359; baseline -0.003 -26"><span class='ocrx_word' id='word_1_45' title='bbox 188 1270 502 1357; x_wconf 74' lang='lat' dir='ltr'>lacrymae</span> <span class='ocrx_word' id='word_1_46' title='bbox 533 1321 550 1348; x_wconf 79' lang='grc'>,</span> <span class='ocrx_word' id='word_1_47' title='bbox 596 1291 752 1359; x_wconf 83' lang='lat' dir='ltr'>quas</span> <span class='ocrx_word' id='word_1_48' title='bbox 787 1271 856 1332; x_wconf 88' lang='lat' dir='ltr'>in</span> <span class='ocrx_word' id='word_1_49' title='bbox 893 1270 1112 1332; x_wconf 82' lang='lat' dir='ltr'>alienis</span> <span class='ocrx_word' id='word_1_50' title='bbox 1150 1265 1511 1330; x_wconf 82' lang='lat' dir='ltr'>infortuniis</span> <span class='ocrx_word' id='word_1_51' title='bbox 1555 1290 1732 1329; x_wconf 86' lang='lat' dir='ltr'>com-</span> 
     </span>
     <span class='ocr_line' id='line_1_9' title="bbox 189 1401 1735 1487; baseline -0.002 -22"><span class='ocrx_word' id='word_1_52' title='bbox 189 1404 611 1466; x_wconf 76' lang='lat' dir='ltr'>memorandis</span> <span class='ocrx_word' id='word_1_53' title='bbox 659 1401 1026 1485; x_wconf 77' lang='lat' dir='ltr'>simplicitas</span> <span class='ocrx_word' id='word_1_54' title='bbox 1069 1401 1347 1461; x_wconf 88' lang='lat' dir='ltr'>ubertim</span> <span class='ocrx_word' id='word_1_55' title='bbox 1399 1401 1694 1487; x_wconf 72' lang='lat' dir='ltr'>exprimit</span> <span class='ocrx_word' id='word_1_56' title='bbox 1723 1449 1735 1462; x_wconf 92' lang='lat'>.</span> 
     </span>
    </p>

    <p class='ocr_par' dir='ltr' id='par_1_4' title="bbox 190 1530 1742 2674">
     <span class='ocr_line' id='line_1_10' title="bbox 369 1530 1738 1620; baseline -0.001 -26"><span class='ocrx_word' id='word_1_57' title='bbox 369 1532 562 1613; x_wconf 85' lang='lat' dir='ltr'>Quod.</span> <span class='ocrx_word' id='word_1_58' title='bbox 618 1533 669 1594; x_wconf 90' lang='lat' dir='ltr'>si</span> <span class='ocrx_word' id='word_1_59' title='bbox 717 1530 877 1593; x_wconf 86' lang='lat' dir='ltr'>hanc</span> <span class='ocrx_word' id='word_1_60' title='bbox 929 1530 1457 1620; x_wconf 75' lang='lat' dir='ltr'>qualemcumque</span> <span class='ocrx_word' id='word_1_61' title='bbox 1508 1533 1738 1594; x_wconf 89' lang='lat' dir='ltr'>oratio-</span> 
     </span>
     <span class='ocr_line' id='line_1_11' title="bbox 191 1665 1737 1753; baseline -0.003 -23"><span class='ocrx_word' id='word_1_62' title='bbox 191 1689 341 1730; x_wconf 87' lang='lat' dir='ltr'>nem</span> <span class='ocrx_word' id='word_1_63' title='bbox 388 1689 594 1729; x_wconf 91' lang='lat' dir='ltr'>meam</span> <span class='ocrx_word' id='word_1_64' title='bbox 644 1682 1044 1752; x_wconf 82' lang='lat' dir='ltr'>peramanter</span> <span class='ocrx_word' id='word_1_65' title='bbox 1091 1665 1364 1751; x_wconf 78' lang='lat' dir='ltr'>excipies</span> <span class='ocrx_word' id='word_1_66' title='bbox 1395 1713 1413 1743; x_wconf 83' lang='grc'>,</span> <span class='ocrx_word' id='word_1_67' title='bbox 1449 1682 1689 1753; x_wconf 84' lang='lat' dir='ltr'>tuoque</span> <span class='ocrx_word' id='word_1_68' title='bbox 1718 1711 1737 1742; x_wconf 89' lang='grc'>,</span> 
     </span>
     <span class='ocr_line' id='line_1_12' title="bbox 190 1794 1739 1882; baseline -0.004 -19"><span class='ocrx_word' id='word_1_69' title='bbox 190 1800 682 1863; x_wconf 81' lang='lat' dir='ltr'>BEATISSIME</span> <span class='ocrx_word' id='word_1_70' title='bbox 729 1799 1006 1860; x_wconf 77' lang='lat' dir='ltr'>PATER</span> <span class='ocrx_word' id='word_1_71' title='bbox 1049 1843 1068 1874; x_wconf 87' lang='grc'>,</span> <span class='ocrx_word' id='word_1_72' title='bbox 1117 1798 1472 1882; x_wconf 75' lang='lat' dir='ltr'>patrocinio</span> <span class='ocrx_word' id='word_1_73' title='bbox 1518 1794 1739 1882; x_wconf 68' lang='lat' dir='ltr'>digna⁴</span> 
     </span>
     <span class='ocr_line' id='line_1_13' title="bbox 192 1912 1742 2017; baseline -0.003 -24"><span class='ocrx_word' id='word_1_74' title='bbox 192 1912 385 2008; x_wconf 43' lang='lat' dir='ltr'>bereg</span> <span class='ocrx_word' id='word_1_75' title='bbox 435 1944 671 2017; x_wconf 85' lang='lat' dir='ltr'>quanto</span> <span class='ocrx_word' id='word_1_76' title='bbox 697 1929 871 1993; x_wconf 87' lang='lat' dir='ltr'>illam</span> <span class='ocrx_word' id='word_1_77' title='bbox 895 1930 1089 2015; x_wconf 83' lang='lat' dir='ltr'>magis</span> <span class='ocrx_word' id='word_1_78' title='bbox 1131 1927 1209 1992; x_wconf 88' lang='lat' dir='ltr'>ad</span> <span class='ocrx_word' id='word_1_79' title='bbox 1245 1927 1742 1990; x_wconf 87' lang='lat' dir='ltr'>misericordiam</span> 
     </span>
     <span class='ocr_line' id='line_1_14' title="bbox 200 2061 1737 2146; baseline -0.002 -24"><span class='ocrx_word' id='word_1_80' title='bbox 200 2083 339 2146; x_wconf 81' lang='lat' dir='ltr'>erga</span> <span class='ocrx_word' id='word_1_81' title='bbox 373 2063 799 2122; x_wconf 86' lang='lat' dir='ltr'>miserrimum</span> <span class='ocrx_word' id='word_1_82' title='bbox 837 2066 1074 2142; x_wconf 69' lang='lat' dir='ltr'>Regem</span> <span class='ocrx_word' id='word_1_83' title='bbox 1117 2061 1461 2142; x_wconf 73' lang='lat' dir='ltr'>legentium</span> <span class='ocrx_word' id='word_1_84' title='bbox 1497 2061 1737 2119; x_wconf 82' lang='lat' dir='ltr'>animos</span> 
     </span>
     <span class='ocr_line' id='line_1_15' title="bbox 197 2187 1742 2277; baseline -0.003 -22"><span class='ocrx_word' id='word_1_85' title='bbox 197 2191 565 2255; x_wconf 89' lang='lat' dir='ltr'>allecturam</span> <span class='ocrx_word' id='word_1_86' title='bbox 604 2196 861 2277; x_wconf 85' lang='lat' dir='ltr'>putem!</span> <span class='ocrx_word' id='word_1_87' title='bbox 917 2189 1079 2269; x_wconf 82' lang='lat' dir='ltr'>Quis</span> <span class='ocrx_word' id='word_1_88' title='bbox 1109 2189 1278 2250; x_wconf 82' lang='lat' dir='ltr'>enim</span> <span class='ocrx_word' id='word_1_89' title='bbox 1302 2237 1321 2266; x_wconf 82' lang='grc'>,</span> <span class='ocrx_word' id='word_1_90' title='bbox 1361 2211 1504 2250; x_wconf 91' lang='lat' dir='ltr'>cum</span> <span class='ocrx_word' id='word_1_91' title='bbox 1532 2187 1742 2251; x_wconf 80' lang='lat' dir='ltr'>videat</span> 
     </span>
     <span class='ocr_line' id='line_1_16' title="bbox 195 2320 1742 2408; baseline -0.002 -23"><span class='ocrx_word' id='word_1_92' title='bbox 195 2345 324 2386; x_wconf 80' lang='lat' dir='ltr'>non</span> <span class='ocrx_word' id='word_1_93' title='bbox 349 2322 671 2408; x_wconf 81' lang='lat' dir='ltr'>indignam</span> <span class='ocrx_word' id='word_1_94' title='bbox 698 2346 733 2386; x_wconf 92' lang='lat' dir='ltr'>a</span> <span class='ocrx_word' id='word_1_95' title='bbox 760 2327 851 2385; x_wconf 86' lang='lat' dir='ltr'>Te</span> <span class='ocrx_word' id='word_1_96' title='bbox 878 2320 1157 2384; x_wconf 86' lang='lat' dir='ltr'>habitam</span> <span class='ocrx_word' id='word_1_97' title='bbox 1183 2344 1316 2383; x_wconf 86' lang='lat' dir='ltr'>esse</span> <span class='ocrx_word' id='word_1_98' title='bbox 1343 2370 1360 2399; x_wconf 80' lang='grc'>,</span> <span class='ocrx_word' id='word_1_99' title='bbox 1406 2344 1564 2408; x_wconf 88' lang='lat' dir='ltr'>quae</span> <span class='ocrx_word' id='word_1_100' title='bbox 1610 2325 1742 2383; x_wconf 83' lang='lat' dir='ltr'>No·-</span> 
     </span>
     <span class='ocr_line' id='line_1_17' title="bbox 194 2451 1740 2532; baseline -0.002 -16"><span class='ocrx_word' id='word_1_101' title='bbox 194 2457 355 2530; x_wconf 85' lang='lat' dir='ltr'>mini</span> <span class='ocrx_word' id='word_1_102' title='bbox 381 2472 491 2517; x_wconf 79' lang='lat' dir='ltr'>tuo</span> <span class='ocrx_word' id='word_1_103' title='bbox 520 2454 833 2516; x_wconf 90' lang='lat' dir='ltr'>dicaretur</span> <span class='ocrx_word' id='word_1_104' title='bbox 859 2503 877 2532; x_wconf 84' lang='grc'>,</span> <span class='ocrx_word' id='word_1_105' title='bbox 933 2476 1063 2515; x_wconf 85' lang='lat' dir='ltr'>non</span> <span class='ocrx_word' id='word_1_106' title='bbox 1095 2452 1526 2515; x_wconf 86' lang='lat' dir='ltr'>recordabitur</span> <span class='ocrx_word' id='word_1_107' title='bbox 1563 2451 1740 2513; x_wconf 93' lang='lat' dir='ltr'>dolo-</span> 
     </span>
     <span class='ocr_line' id='line_1_18' title="bbox 200 2583 1740 2674; baseline -0.004 -24"><span class='ocrx_word' id='word_1_108' title='bbox 200 2591 280 2651; x_wconf 88' lang='lat' dir='ltr'>ris</span> <span class='ocrx_word' id='word_1_109' title='bbox 309 2588 404 2649; x_wconf 90' lang='lat' dir='ltr'>tui</span> <span class='ocrx_word' id='word_1_110' title='bbox 433 2594 456 2649; x_wconf 81' lang='lat'>?</span> <span class='ocrx_word' id='word_1_111' title='bbox 480 2586 647 2649; x_wconf 88' lang='lat' dir='ltr'>illius</span> <span class='ocrx_word' id='word_1_112' title='bbox 677 2636 694 2664; x_wconf 83' lang='grc'>,</span> <span class='ocrx_word' id='word_1_113' title='bbox 720 2588 981 2673; x_wconf 85' lang='lat' dir='ltr'>inquam</span> <span class='ocrx_word' id='word_1_114' title='bbox 1008 2632 1025 2662; x_wconf 83' lang='lat'>‚</span> <span class='ocrx_word' id='word_1_115' title='bbox 1054 2583 1281 2648; x_wconf 89' lang='lat' dir='ltr'>doloris</span> <span class='ocrx_word' id='word_1_116' title='bbox 1308 2633 1324 2662; x_wconf 83' lang='grc'>,</span> <span class='ocrx_word' id='word_1_117' title='bbox 1354 2607 1546 2674; x_wconf 88' lang='lat' dir='ltr'>quem</span> <span class='ocrx_word' id='word_1_118' title='bbox 1570 2606 1740 2646; x_wconf 53' lang='lat' dir='ltr'>acer*</span> 
     </span>
    </p>
   </div>
   <div class='ocr_carea' id='block_1_4' title="bbox 199 2714 1740 2873">
    <p class='ocr_par' dir='ltr' id='par_1_5' title="bbox 199 2714 1740 2873">
     <span class='ocr_line' id='line_1_19' title="bbox 199 2714 1740 2806; baseline -0.006 -21"><span class='ocrx_word' id='word_1_119' title='bbox 199 2719 531 2785; x_wconf 79' lang='lat' dir='ltr'>bissimum</span> <span class='ocrx_word' id='word_1_120' title='bbox 560 2742 594 2784; x_wconf 89' lang='lat' dir='ltr'>a</span> <span class='ocrx_word' id='word_1_121' title='bbox 619 2723 710 2783; x_wconf 82' lang='lat' dir='ltr'>Te</span> <span class='ocrx_word' id='word_1_122' title='bbox 753 2734 1119 2806; x_wconf 82' lang='lat' dir='ltr'>susceptum</span> <span class='ocrx_word' id='word_1_123' title='bbox 1156 2766 1174 2796; x_wconf 84' lang='lat'><em>‚</em></span> <span class='ocrx_word' id='word_1_124' title='bbox 1216 2741 1365 2785; x_wconf 85' lang='lat' dir='ltr'>cum</span> <span class='ocrx_word' id='word_1_125' title='bbox 1405 2714 1740 2781; x_wconf 85' lang='lat' dir='ltr'>crudeliter</span> 
     </span>
     <span class='ocr_line' id='line_1_20' title="bbox 1082 2827 1172 2873; baseline 0 0"><span class='ocrx_word' id='word_1_126' title='bbox 1082 2829 1107 2858; x_wconf 67' lang='grc' dir='ltr'><em>α</em></span> <span class='ocrx_word' id='word_1_127' title='bbox 1147 2827 1172 2873; x_wconf 85' lang='grc'>3</span> 
     </span>
    </p>
   </div>
  </div>
 </body>
</html>
