2180 3537
1063 360 1134 412 ⁹4}ae
1176 366 1250 421 42
1292 361 1362 415 ³⁴34*

430 484 549 522 cum
570 464 760 519 ferrent
779 480 909 535 quae
928 461 1187 519 inventuri
1209 480 1315 515 non
1337 474 1510 525 erant,
1535 476 1585 515 et
1608 476 1777 517 tamen
1800 463 1979 521 invem„

429 572 482 609 ta
503 575 613 610 esse
634 554 861 608 dicerent
884 594 895 607 .
941 554 1019 607 At
1054 553 1191 606 enim
1211 595 1226 617 ‚
1271 572 1391 606 cum
1423 553 1804 610 multitudinem
1835 557 1890 613 vi
1927 574 1980 612 et

424 646 578 701 armis
618 663 688 703 IV.
728 646 843 699 idus
873 644 1103 716 ,Augusti
1125 644 1286 696 arceri
1309 664 1337 696 a
1358 662 1412 696 se
1432 643 1582 713 jussit
1600 687 1614 709 ‚
1647 647 1794 700 liberi
1817 648 1980 702 domi-

424 738 579 810 nique
599 738 778 810 populi
801 734 1118 805 majestatem
1140 735 1288 789 laesit
1304 775 1319 798 ‚
1344 737 1616 790 crudeliter
1634 780 1648 802 ,
1690 739 1975 806 violenter,

426 829 694 903 tyrannice
714 829 821 902 egit
845 870 862 883 2
883 827 1172 882 Inauditam
1196 846 1320 882 vero
1344 828 1623 882 recentium
1646 830 1978 903 philosopho-

428 941 542 975 rum
567 921 870 994 sapientiam
894 925 904 973 Σ
951 919 1330 973 Admirandum
1354 920 1534 972 horum
1556 921 1806 975 humanae
1827 923 1977 977 liber·-

421 1013 546 1067 tatis.
572 1031 877 1067 assertorum
916 1013 1218 1067 inventum!
1264 1031 1368 1082 quo
1406 1011 1648 1064 statuitur
1686 1012 1812 1082 quid
1845 1013 1978 1068 inter

421 1104 620 1178 Regem
659 1123 709 1158 et
745 1107 1052 1178 Tyrannum
1090 1103 1325 1157 intersit:
1370 1103 1456 1155 ille
1494 1103 1739 1157 nimirum
1779 1106 1979 1178 Tyran-

421 1216 522 1251 nus
544 1238 567 1261 ,,
582 1198 669 1269 qui
693 1218 809 1251 cum
832 1197 1010 1270 popuii
1032 1198 1254 1250 furorem
1276 1195 1483 1250 lenitate
1506 1197 1859 1251 cohibendum
1876 1199 1979 1251 fru-

420 1305 522 1343 stra
544 1290 1045 1354 curaverit7suarum
1067 1307 1120 1342 se
1143 1287 1479 1340 excubiarum
1501 1289 1745 1359 oppositu
1769 1292 1973 1345 tandem

423 1397 593 1436 tuetur
618 1403 635 1435 ε.
674 1382 759 1435 ille
781 1399 954 1435 autem
976 1381 1092 1434 Rex
1111 1421 1125 1445 ‚
1169 1379 1256 1451 qui
1280 1379 1579 1451 lymphatae
1599 1379 1763 1450 plebis
1787 1381 1974 1452 gladiis

418 1473 553 1527 ultro
574 1472 807 1546 jugulum
830 1472 981 1526 offert
1001 1516 1013 1527 .

576 1567 681 1618 Tot
702 1565 860 1638 igitur
882 1582 1240 1638 tantorumque
1272 1567 1547 1634 criminum
1585 1587 1699 1623 reus
1737 1589 1766 1623 e
1803 1582 1976 1624 custo*

418 1657 505 1712 dia
525 1658 643 1712 Rex
661 1657 715 1711 in
735 1656 993 1728 judicium.
1010 1659 1316 1712 adducitur:
1360 1661 1538 1729 Atque
1568 1662 1651 1713 hic
1680 1659 1810 1712 illud
1845 1660 1972 1713 alte-

416 1769 530 1805 rum
553 1770 741 1822 quaero
762 1770 776 1803 :
819 1750 908 1822 qui
929 1765 1255 1804 accusatores
1273 1791 1288 1812 ‚
1311 1749 1400 1819 qui
1419 1747 1616 1818 judices
1635 1753 1654 1802 ἓ
1676 1749 1820 1803 Audi
1842 1790 1859 1813 ‚
1881 1768 1975 1803 au·-

418 1843 511 1907 di,
551 1844 982 1898 BEATLSSIME
1025 1842 1270 1896 PATER
1306 1883 1321 1905 ‚
1364 1855 1419 1893 et
1461 1858 1722 1912 cognosce
1758 1840 1973 1895 incredi-

415 1935 575 1989 bilem
597 1934 746 2007 hujus
767 1934 946 2006 judicii
967 1933 1292 2006 iniquitatem
1318 1951 1330 1985 ε
1356 1931 1514 1985 iidem
1538 1945 1861 1985 accusatores
1882 1931 1972 2003 qui

417 2023 644 2096 judices.
692 2029 738 2081 O
782 2047 893 2081 rem
921 2046 1027 2079 non
1065 2028 1224 2082 modo
1263 2024 1584 2088 mirabilem,
1627 2025 1717 2078 sed
1745 2023 1975 2095 portenti

417 2118 771 2174 simillimam!
816 2122 938 2174 Non
969 2120 1123 2173 habet
1163 2139 1275 2173 eam
1315 2117 1425 2175 Vim
1462 2116 1560 2172 ista
1602 2115 1834 2187 quaestio
1861 2157 1877 2180 ‚
1914 2131 1974 2169 ut

419 2229 535 2265 reus
572 2209 861 2281 judicetur,
902 2213 992 2266 sed
1027 2229 1085 2265 ut
1107 2212 1479 2264 condemnetur
1502 2251 1515 2263 .
1557 2210 1780 2262 Tantam
1805 2249 1821 2271 ‚
1865 2222 1971 2261 tam

420 2300 664 2373 injustam
701 2346 722 2368 ,,
768 2321 872 2358 tam
912 2304 1118 2357 foedam
1175 2301 1360 2372 judicii—
1411 2299 1844 2371 perturbationem
1903 2317 1970 2352 ne

419 2395 559 2466 apud
589 2397 822 2450 barbaras
857 2395 1065 2467 quidem
1088 2410 1265 2468 gentes
1298 2392 1578 2450 invaluisse
1613 2409 1839 2461 unquam
1880 2402 1972 2441 aut

418 2486 712 2543 audivimus
731 2529 750 2552 „
788 2487 1116 2560 autlegimus
1140 2508 1162 2550 ς,
1197 2484 1363 2557 utqui
1386 2503 1499 2538 reu—s
1522 2482 1575 2536 in
1598 2480 1846 2554 judicium
1878 2498 1970 2535 ve-

418 2579 582 2642 nerit,
606 2582 807 2633 ‘nactus
836 2579 894 2632 in
929 2578 1314 2635 accusatoribus
1334 2574 1566 2646 judice8‚
1610 2589 1730 2626 suos
1763 2564 1816 2622 in
1837 2565 1973 2639 judi«,

421 2670 570 2724 cibus
593 2672 863 2727 carnifices
887 2673 1215 2727 nanciscatur
1232 2711 1246 2723 .

572 2762 752 2831 Neque
788 2765 912 2813 haec
954 2778 1016 2813 eo
1054 2762 1259 2829 disputo
1281 2799 1299 2822 2
1337 2772 1397 2811 ut
1437 2770 1603 2809 tantae
1640 2751 1982 2828 innocentiae⁴
