2180 3537
809 358 880 409 422(
928 365 989 400 11
1038 353 1109 405 ³34⁶

189 458 334 514 liaret
355 501 370 524 ‚
412 457 553 529 quod
596 459 796 514 Galliae
820 459 1003 515 foedus
1040 456 1322 514 studiosius
1357 472 1677 532 expeteretur
1707 474 1725 525 ,’

185 549 528 621 postularetur
554 551 806 605 auxilium
831 555 843 603 Ξ

342 641 464 714 Age
502 639 605 713 jam
624 683 638 706 ,
680 659 922 715 quantam
959 663 1026 699 ex
1047 663 1096 699 re
1117 642 1373 698 maritima
1401 643 1633 698 restituta
1649 659 1724 698 at-

186 750 285 803 que
305 749 457 788 aucta
478 735 790 790 commercio
812 736 981 809 gentis
1002 777 1016 800 ‚
1039 737 1179 808 quod
1195 736 1314 789 inde
1337 735 1561 789 maxime
1584 735 1728 808 viget

189 842 242 882 et
279 825 429 880 floret
449 868 463 891 ‚
501 827 851 883 accessionem
874 828 1063 883 factam
1086 846 1197 881 esse
1218 841 1456 898 putamus
1480 831 1499 880 ἓ
1528 826 1727 881 Mirum

190 916 448 973 videretur
471 960 486 982 ‚
532 917 574 972 si
610 919 808 973 desides
844 918 948 990 jam
986 933 1344 989 cessantesque
1377 917 1728 990 negotiatores

188 1007 260 1062 ita
293 1009 427 1063 ultro
445 1007 547 1080 jam
570 1009 904 1082 suppeditatis
935 1009 1154 1083 opibus,
1191 1007 1294 1080 jam
1332 1008 1550 1067 navibus
1586 1028 1730 1062 com-

190 1101 411 1156 modatis
449 1101 728 1156 industrios
772 1121 1034 1174 navosque
1075 1099 1330 1156 effecisset
1364 1141 1379 1164 ,
1417 1117 1477 1154 ut
1516 1101 1690 1155 eadem
1714 1140 1729 1163 ‚

187 1211 317 1264 quae
338 1192 474 1264 prius
493 1212 559 1247 ex
581 1192 895 1248 commercio
918 1194 1156 1246 manabat
1178 1232 1193 1255 ‚
1232 1176 1517 1247 versaretur
1538 1191 1592 1244 in
1616 1191 1733 1244 Gal-

186 1284 256 1337 lia
278 1284 608 1356 pecuniarum
642 1285 811 1338 ratio:
854 1304 983 1357 quae
1024 1284 1384 1338 LVDOVICI
1417 1301 1538 1336 cura
1572 1302 1736 1355 usque

188 1376 311 1431 illuc
341 1376 645 1434 redundavit
666 1418 680 1440 ‚
723 1392 783 1430 ut
826 1376 1010 1431 annuis
1045 1395 1110 1430 ex
1141 1393 1244 1429 una
1276 1376 1327 1428 S.
1353 1373 1621 1427 Dominici
1657 1373 1736 1427 in-

189 1469 298 1522 sula
321 1467 566 1522 reditibus
596 1468 921 1541 quingenties
944 1466 1293 1529 accesserint3
1337 1485 1398 1521 ac
1426 1466 1596 1520 omnis
1619 1466 1734 1520 uni-

189 1560 374 1616 versim
397 1579 463 1614 ex
485 1559 800 1614 commercio
820 1575 1060 1631 quaestus
1093 1574 1210 1630 post
1230 1557 1426 1629 primos
1458 1555 1566 1627 ejus
1591 1557 1736 1629 regni

188 1669 352 1706 annos
393 1652 459 1704 ad
478 1668 656 1723 quater
693 1650 878 1705 millies
919 1650 1238 1708 excreverit.
1281 1650 1493 1704 Referre
1530 1667 1736 1720 possem

189 1744 287 1797 hoe
313 1743 431 1796 loco
453 1761 616 1799 novas
638 1743 991 1797 Met-catorum
1015 1741 1298 1796 Societates
1322 1741 1376 1795 in
1397 1740 1611 1794 Africae
1634 1739 1737 1794 oris

189 1834 425 1889 fundatas
439 1874 451 1897 ,
477 1850 698 1889 veterem
718 1833 771 1886 in
792 1833 923 1886 Asia
942 1833 1226 1886 restitutam
1246 1852 1261 1894 3
1284 1831 1426 1885 illam
1446 1872 1461 1895 ,
1491 1832 1701 1903 inquam
1720 1872 1735 1895 ‚

191 1945 344 1998 quam
370 1942 491 1997 post
511 1925 703 1979 bellum
739 1926 900 1978 Anno
935 1924 1258 1978 MDCCLXIH.
1285 1923 1632 1995 compositum
1675 1922 1741 1974 ad

191 2018 411 2071 nihilum
434 2018 597 2089 redigi
623 2032 766 2071 tanto
791 2016 990 2070 Galliae
1028 2016 1334 2070 detrimento
1370 2033 1576 2069 necesse
1600 2013 1699 2067 fuit
1722 2033 1739 2076 ;

191 2128 398 2182 possem
421 2127 824 2164 commemorare
862 2107 1197 2162 constitutam
1233 2108 1299 2160 ab
1337 2105 1475 2160 eoin
1498 2104 1740 2158 omnibus

195 2200 397 2255 Galliae
435 2202 679 2273 portubus
708 2219 881 2254 earum
904 2220 1068 2254 rerum
1093 2241 1107 2263 ‚
1143 2197 1325 2270 quibus
1349 2197 1490 2251 natio
1512 2196 1740 2249 abunda-

192 2307 269 2347 ret
292 2333 307 2357 ,
349 2292 755 2363 exportationem
779 2334 793 2356 ‚
828 2291 1280 2363 invectionemque
1303 2309 1476 2344 earum
1500 2330 1514 2353 ,
1552 2287 1740 2360 quibus

193 2400 364 2457 egeret
389 2404 405 2447 3
447 2404 607 2442 novas
631 2403 875 2457 agrorum
900 2382 1214 2437 fructuosius
1234 2382 1564 2435 colendorum
1585 2377 1740 2431 ratio-

196 2495 287 2529 nes
325 2476 560 2533 inventas
594 2517 607 2539 ,
651 2493 919 2547 provectas
957 2490 1086 2528 artes
1119 2514 1135 2537 ,
1179 2473 1433 2528 excitatos
1472 2470 1741 2531 artifices;

197 2568 396 2622 nullum
435 2568 651 2640 denique
673 2587 780 2622 esse
804 2565 1104 2622 commercii
1126 2584 1288 2639 genus
1307 2606 1323 2629 ,
1365 2564 1504 2635 quod
1524 2559 1632 2630 ejus
1657 2580 1741 2615 so-

196 2659 395 2712 lertiam
417 2661 616 2733 fugeret
639 2702 653 2724 ‚
694 2659 746 2712 in
769 2679 872 2730 quo
897 2673 1102 2731 gentem
1133 2676 1275 2711 suam
1317 2674 1423 2708 non
1446 2666 1704 2707 exerceret
1724 2692 1740 2715 ᾗ

198 2768 302 2804 non
323 2766 548 2807 Veterem
584 2750 661 2805 illi
683 2749 1028 2824 principatum
1051 2748 1372 2807 vindicaret.
1410 2746 1510 2802 Sed
1530 2744 1634 2798 alio
1655 2761 1738 2805 me

1073 2844 1096 2888 b
1140 2859 1167 2889 2
