2180 3537
809 364 879 417 ὴὲε
921 371 995 429 29
1036 363 1107 416 ἐφ

181 475 339 531 animi
380 488 521 546 septa
561 491 578 535 ;
618 485 776 546 negat
807 470 991 525 relicto
1031 469 1175 543 Rege
1215 467 1379 527 vitam
1413 469 1727 542 producere:

177 567 446 638 profitetur
467 605 482 628 ‚
517 563 618 619 sibi
639 565 704 617 ad
725 562 978 618 carissimi
1002 560 1254 634 Conjugis
1278 563 1428 635 pedes
1471 580 1689 617 mortem
1714 604 1729 628 ‚

178 659 224 714 si
260 656 544 729 oportuerit
587 698 602 721 ‚
644 656 933 710 obeundam
970 696 981 709 .
1029 654 1076 708 O
1122 653 1333 726 dignam
1382 668 1553 706 tantae
1593 653 1733 709 illius

181 750 463 805 Genitricis
502 749 636 803 Filia
674 790 688 813 ‚
724 748 935 822 dignam
977 746 1108 800 tanti
1147 745 1471 817 Imperatoris
1508 746 1688 800 Amita
1711 787 1728 811 ‚

180 859 544 913 tantorumque
582 843 952 912 Imperatorum
983 840 1148 910 Nepte
1171 854 1221 891 et
1243 839 1425 892 Sorore
1443 837 1688 895 Virtutem
1714 843 1727 892 Ξ

183 938 535 990 Consueverat
569 933 672 1004 jam
694 933 782 984 illa
801 930 1050 987 volubilis
1086 949 1351 1003 Vagaeque
1388 931 1593 1003 Regum
1631 930 1732 984 for-

182 1044 334 1082 tunae
368 1026 617 1079 rationem
656 1042 761 1077 non
793 1040 1134 1093 expavescere
1163 1042 1179 1084 ς
1221 1021 1533 1077 Aulicorum
1572 1021 1733 1076 simu-

180 1120 398 1173 lationes
414 1159 428 1181 ‚
474 1116 802 1170 infidelitates
826 1115 1109 1168 amicorum
1130 1155 1145 1178 ‚
1181 1114 1517 1169 inimicorum
1540 1116 1734 1170 calum-

181 1213 294 1267 nias
336 1230 505 1265 erecto
547 1209 724 1263 animo
756 1225 906 1280 atque
944 1205 1346 1277 obfirmatojam
1369 1207 1727 1271 vicerat‚non

181 1305 292 1360 sine
316 1304 532 1375 quadam
559 1344 575 1366 ,
591 1318 648 1355 ut
668 1301 884 1355 arbitror
907 1342 920 1365 ,
944 1299 1317 1371 sapientissima
1335 1299 1523 1353 aeterni
1546 1299 1730 1354 Numi-

180 1398 260 1453 nis
284 1395 607 1469 providentia
624 1417 638 1458 3
656 1414 810 1466 quae,
832 1413 950 1447 cum
973 1393 1128 1449 vellet
1151 1411 1347 1448 novum
1369 1392 1625 1463 quoddam
1650 1411 1726 1445 re-

180 1490 298 1564 giae
336 1487 658 1543 constantiae
695 1487 988 1557 exem-plum
1020 1483 1075 1536 in
1105 1483 1302 1539 invicta
1337 1483 1546 1536 Femina
1583 1483 1727 1537 exhi-

182 1584 302 1636 bere
335 1622 349 1644 ,
388 1581 455 1633 ad
486 1580 643 1652 longe
677 1576 870 1648 majora
916 1577 1056 1631 illam
1095 1575 1381 1630 infortunia
1419 1576 1730 1631 exantlanda

182 1672 415 1746 fingebat
458 1713 469 1724 .
516 1672 821 1742 Supererant
861 1668 1021 1743 Regis
1064 1669 1278 1723 Amitae
1326 1669 1733 1741 spectatissimae

181 1762 426 1818 Feminae
463 1762 528 1815 ab
567 1761 668 1816 illis
708 1778 930 1817 vesanae
981 1761 1144 1832 plebis
1191 1761 1246 1814 in
1285 1760 1476 1834 regiam
1518 1761 1733 1817 domum

181 1852 552 1925 irruptionibus
596 1853 886 1906 liberandae
919 1893 930 1905 .
975 1853 1152 1925 Digna
1187 1867 1441 1907 tantarum
1483 1853 1734 1911 virtutum

184 1945 434 2017 exemplis
471 1945 644 1998 Gallia
681 1964 788 1998 non
823 1960 967 1998 erat:
1011 1964 1139 2017 quas
1180 1961 1355 1999 tamen
1382 1946 1537 1999 domo
1558 1944 1736 2018 profu-

185 2056 277 2111 gas
301 2079 315 2101 ,
359 2036 741 2107 ca1·issi111isqt1e
778 2035 1082 2109 pignoribus
1124 2036 1352 2094 divulsas
1375 2079 1390 2101 ,
1432 2057 1534 2109 qua
1555 2039 1736 2094 Verbo-

185 2149 299 2184 rum
338 2129 672 2184 contumeliis
696 2170 716 2192 ,
753 2149 854 2201 qua
892 2129 1149 2183 minarum
1182 2129 1461 2183 insolentia
1497 2130 1562 2182 ad
1589 2129 1736 2203 regni

184 2219 317 2275 fines
341 2220 543 2294 ingrata
578 2221 669 2274 illa
696 2220 860 2293 patria
903 2221 1226 2293 prosequitur
1263 2262 1278 2285 ‚
1323 2221 1522 2294 cupidis
1563 2222 1737 2276 Roma

190 2310 327 2365 ulnis
361 2353 376 2375 ‚
415 2313 586 2366 Roma
618 2312 853 2366 omnium
891 2311 1141 2370 Virtutum
1182 2333 1365 2385 parens
1403 2331 1553 2386 atque
1591 2313 1737 2385 adju-

190 2401 292 2456 trix
314 2403 673 2473 amplectitur:
699 2419 851 2475 atque
881 2406 946 2457 ad
978 2420 1170 2459 ceteras
1194 2421 1304 2460 tuas
1329 2407 1503 2461 laudes
1527 2449 1541 2471 ,
1572 2407 1735 2460 BEA-

190 2494 477 2547 TISSIME
512 2495 750 2549 PATER
789 2537 803 2559 ‚
856 2497 990 2549 hanc
1037 2496 1190 2550 etiam
1238 2498 1483 2551 accedere
1519 2517 1738 2569 aequum

190 2603 296 2639 erat
319 2627 334 2651 ,
369 2604 429 2641 ut
450 2586 796 2642 nobilissimas
836 2590 996 2642 DIVI
1035 2591 1396 2644 LVDOVICI
1418 2592 1608 2662 Neptes
1632 2611 1739 2663 per-

193 2691 420 2730 amanter
462 2678 692 2736 invisens
732 2683 1053 2736 consolarere
1091 2724 1107 2747 ,
1145 2682 1310 2755 iisque
1343 2701 1585 2755 paternae
1633 2684 1738 2756 pie-

197 2767 313 2824 tatis
355 2767 543 2827 officiis
582 2813 598 2838 ,
636 2793 767 2846 quae
804 2816 820 2841 ‚
862 2790 915 2829 et
954 2790 1211 2830 tantarum
1243 2776 1523 2849 Hospitum
1571 2776 1739 2850 digni-

1056 2887 1077 2914 C
1116 2885 1143 2931 3
