2180 3537
786 368 857 420 4}-
900 374 973 430 25
1016 366 1085 418 ³44⁶

151 471 353 526 animus
390 491 449 526 ea
471 488 911 535 commemorare,
947 488 1077 542 quae
1101 484 1196 524 nos
1228 467 1327 540 ipsi
1362 468 1701 525 reformidan-

153 581 229 619 tes
262 564 555 620 audivimus
575 605 589 628 ,
632 583 851 636 quorum
884 562 1123 634 exempla
1153 562 1293 615 nulla
1324 560 1542 616 fortasse
1559 580 1704 633 prae-

150 661 238 712 bet
269 657 545 729 antiquitas
568 697 582 720 ,
621 655 810 729 quibus
842 655 1002 710 fidem
1034 653 1307 727 posteritas
1339 652 1434 710 vix
1454 652 1666 707 habebit
1688 693 1701 707 .

153 749 394 804 Infimam
429 750 630 821 plebem
654 790 668 813 ,
710 763 973 821 praeterea
996 746 1385 801 multitudinem
1406 745 1705 809 hominum,

152 841 341 914 quibus
372 840 556 896 Parisii
591 842 980 904 redundabant,
1018 858 1176 912 prope
1204 838 1464 893 infinitam
1488 837 1514 904 ',
1548 838 1709 893 colle-

155 952 294 990 ctam
326 955 391 990 ex
421 933 698 1006 juvenibus
732 931 1019 1005 corruptiS,
1054 950 1121 987 ex
1162 930 1309 989 civili
1349 930 1554 985 luxuria
1584 972 1599 994 ,
1642 948 1710 984 ex

154 1027 436 1100 desperatis
474 1025 838 1081 decoctoribus
877 1065 892 1088 ,
934 1021 1129 1094 jamdiu
1171 1022 1419 1079 vitiorum
1455 1021 1710 1077 illecebris

155 1119 402 1174 irretitam
426 1159 439 1183 ,
479 1117 692 1193 impuris
718 1136 894 1171 eorum
926 1157 940 1180 ,
978 1115 1068 1188 qui
1107 1134 1160 1170 se
1198 1114 1533 1187 philosophos
1566 1133 1711 1185 prae-

154 1212 435 1275 dicabant,
475 1208 723 1263 doctrinis
764 1207 1016 1262 imbutam
1057 1248 1072 1272 ,
1120 1205 1346 1264 divitum
1386 1204 1614 1259 fortunis
1656 1204 1711 1258 in

157 1301 375 1357 turbidis
400 1343 413 1366 ,
451 1318 510 1355 ut
532 1301 594 1356 fit
617 1342 632 1365 ,
672 1300 987 1373 temporibus
1019 1298 1377 1353 imminentem
1398 1340 1412 1362 ‚
1456 1297 1612 1351 facile
1633 1296 1712 1350 iffi

157 1393 532 1465 conjurationis
579 1395 739 1448 duces
788 1392 1064 1466 largitione
1106 1389 1378 1463 pelliciunt
1415 1431 1430 1454 ,
1475 1389 1712 1444 mercede

159 1487 467 1541 conducunt
488 1528 502 1550 ,
543 1504 776 1540 annonae
808 1483 912 1556 jam
934 1485 1109 1556 inopia
1133 1527 1146 1549 ,
1174 1482 1278 1554 jam
1313 1482 1463 1554 copia
1486 1483 1714 1555 compel-

158 1578 277 1631 lunt
299 1620 313 1642 ,
352 1595 410 1631 ut
430 1579 629 1651 Regem
654 1577 969 1632 tumultuose
1002 1576 1305 1631 circumstet
1322 1617 1335 1639 ,
1369 1575 1518 1630 bonis
1542 1575 1713 1629 omni-

157 1668 256 1723 bus
298 1668 433 1722 ferro
474 1668 686 1741 ignique
725 1667 988 1722 minitetur
1022 1709 1033 1721 .
1079 1669 1234 1723 Adde
1267 1669 1402 1727 istuc
1443 1667 1716 1723 seditiosas

160 1760 439 1815 conciones
463 1802 477 1824 ,
516 1760 646 1814 adde
675 1761 899 1816 furentes
922 1759 1161 1816 effraenis
1189 1761 1440 1818 libertatis
1463 1803 1478 1827 ,
1504 1778 1556 1816 et
1577 1780 1718 1818 com-

158 1851 426 1906 mentitiae
444 1852 575 1905 inter
593 1871 771 1906 omnes
791 1852 933 1909 cives
952 1853 1278 1925 aequalitatis
1295 1873 1591 1925 praecones.
1607 1853 1719 1919 Qui

160 1944 225 1997 de
248 1943 513 1999 ruentibus
538 1944 682 2018 regni
717 1945 935 2000 fortunis
958 1945 1302 2000 instaurandis
1328 1962 1682 2002 convenerant
1702 1987 1717 2010 ,

162 2035 267 2108 jam
291 2036 354 2090 de
372 2035 711 2090 immutandis
746 2037 896 2109 regni
919 2037 1122 2110 legibus
1146 2079 1160 2101 ,
1201 2039 1264 2092 de
1286 2036 1425 2111 regia
1447 2037 1725 2093 auctorita·

167 2144 216 2182 te
235 2126 704 2182 Circumscribenda
724 2169 738 2192 ,
764 2129 824 2181 de
842 2148 1046 2182 summo
1064 2130 1243 2202 populi
1266 2130 1535 2184 dominatu
1557 2131 1726 2188 vindi-

165 2221 334 2276 cando
358 2239 529 2274 coram
550 2221 745 2291 populo
765 2220 1056 2293 disputant,
1080 2223 1413 2294 obstrepunt,
1438 2221 1726 2278 vociferan-

167 2328 275 2366 tur:
301 2313 583 2368 libertatem
625 2314 811 2388 cuique
842 2333 874 2369 a
907 2328 1095 2370 natura
1126 2315 1343 2370 inditam
1383 2318 1529 2371 nulla
1561 2335 1728 2388 posse

169 2424 261 2459 nec
285 2418 546 2460 vetustate
568 2407 759 2469 deleri,
803 2426 894 2462 nec
937 2409 993 2461 υἱ
1013 2409 1286 2462 comminui
1309 2449 1325 2472 ,
1366 2428 1457 2463 nec
1487 2409 1727 2464 barbaria

171 2497 367 2553 violari
394 2516 405 2549 :
440 2497 513 2551 acl
531 2498 662 2552 lianc=
684 2500 931 2551 hominem
953 2518 1056 2552 nort
1080 2500 1256 2555 doceri
1276 2540 1291 2564 ,
1334 2500 1564 2578 Sedfieri
1586 2541 1599 2563 ,
1623 2519 1728 2553 nost

172 2590 382 2643 institui
404 2630 417 2652 ,
457 2591 553 2642 secl
571 2590 769 2651 imbai3
812 2592 1004 2664 Εᾱφὴς,
1025 2610 1158 2666 quos
1188 2592 1344 2645 libere
1369 2595 1606 2665 populas
1627 2611 1730 2646 nort

173 2679 494 2743 adsciverit,
534 2694 825 2758 tyrannam
864 2701 997 2755 quos
1018 2682 1337 2747 adsciverit,
1367 2702 1532 2756 posse
1571 2703 1604 2737 a
1627 2702 1731 2755 po-

168 2772 301 2843 pulo
327 2809 342 2835 2
384 2772 434 2825 si
474 2790 501 2825 e
529 2774 791 2847 republica
814 2771 943 2851 fore
972 2774 1254 2833 arbitretur
1273 2817 1291 2843 ,
1330 2776 1392 2832 cle
1412 2795 1568 2851 refflzo
1603 2776 1735 2847 deji-

1134 2887 1158 2915 C
