2180 3537
1044 380 1115 432 4&
1154 386 1228 440 40
1273 380 1343 433 ³4}

412 505 499 543 sos
522 504 582 540 ac
605 498 896 540 corruentes
920 483 985 538 ad
1004 482 1164 540 vitam
1197 496 1443 539 revocant
1464 522 1479 547 ,
1523 499 1587 536 ne
1624 479 1777 536 nimis
1801 523 1815 546 ‚
1865 500 1975 537 cre-

413 580 516 643 do,
557 577 824 639 liberale8‚
868 574 912 629 si
943 575 1102 629 semel
1142 574 1421 639 occidant,
1461 573 1517 628 in
1555 573 1855 628 crudelitate
1892 574 1974 631 vi-

410 668 628 722 deantur
650 708 662 720 .
708 664 933 736 Injectus
963 664 1139 718 animo
1168 667 1326 718 semel
1362 684 1450 737 per
1486 667 1670 720 oculos
1707 684 1810 720 tam
1831 665 1975 720 foedi

411 773 646 830 aspectus
683 755 954 811 atrocitate
990 755 1172 810 mortis
1211 756 1398 821 dolor,
1440 754 1748 826 injiciendus
1784 758 1972 813 iterum

409 849 651 905 videlicet
670 864 774 903 erat
793 848 935 903 ferali
958 848 1151 903 nuncio
1172 868 1260 921 per
1283 866 1426 902 aures
1452 889 1462 901 .
1488 847 1638 913 Quos
1660 850 1725 901 ab
1749 849 1969 921 iniquis-

408 941 542 996 simo
564 941 723 996 exilio
744 940 1114 996 intercessione
1135 959 1226 995 sua
1257 940 1375 994 Rex
1407 938 1748 1011 aequissimus
1786 940 1970 994 libera-

407 1050 581 1098 verat,
623 1033 849 1092 invictos
872 1033 990 1088 illos
1015 1032 1316 1088 Catholicae
1355 1031 1500 1085 Fidei
1538 1045 1928 1088 conservatores
1948 1071 1963 1095 ‚

406 1127 709 1182 Sacerdotes
730 1126 951 1200 amplius
976 1141 1226 1180 trecentos
1246 1166 1260 1190 ‚
1304 1125 1517 1178 docetur
1549 1141 1728 1176 omnes
1765 1140 1871 1175 uno
1909 1121 1966 1174 in

407 1217 528 1271 loco
550 1238 754 1290 unoque
777 1235 1005 1291 tempore
1027 1234 1278 1272 mactatos
1311 1234 1470 1289 nuper
1506 1233 1615 1269 esse
1634 1256 1649 1279 ‚
1692 1230 1845 1286 atque
1883 1213 1965 1268 in-

404 1310 630 1379 sepultos
652 1310 816 1364 adbuc
837 1307 1005 1380 jacere
1028 1308 1330 1364 miserorum
1368 1325 1615 1364 acervos:
1659 1304 1768 1376 ejus
1805 1305 1962 1360 etiam

402 1400 566 1470 pietas
587 1399 822 1455 irridetur
840 1441 855 1465 ,
897 1400 1045 1472 quasi
1070 1419 1192 1458 vero
1214 1401 1426 1457 devotas
1448 1397 1628 1471 populi
1648 1397 1961 1452 immanitati

401 1490 640 1548 victimas
664 1511 771 1547 non
801 1494 864 1546 ab
904 1491 1066 1546 exilio
1107 1506 1395 1555 servasset,
1438 1490 1528 1545 sed
1565 1501 1870 1545 reservasset
1907 1488 1963 1543 in

402 1584 643 1638 caedem.
692 1583 852 1656 Cujus
893 1585 980 1638 ille
1021 1583 1341 1638 acerbissimi
1381 1581 1559 1638 nuncii
1589 1596 1742 1653 atque
1773 1580 1959 1634 acerri-

401 1695 516 1730 mae
537 1675 786 1731 irrisionis
823 1677 1033 1734 vulnere
1070 1691 1272 1747 repente
1297 1675 1568 1730 confossus
1601 1671 1909 1727 excessisset
1935 1690 1964 1725 e

402 1766 546 1830 vita,
588 1766 687 1822 nisi
712 1782 816 1821 tam
838 1766 1090 1840 gloriosae
1124 1766 1336 1830 mortis,
1377 1784 1529 1836 quam
1572 1762 1840 1818 fortissimi
1876 1761 1956 1815 illi

399 1856 596 1912 Heroes
619 1877 710 1930 pro
734 1858 983 1932 religione
1004 1857 1323 1930 oppetierant
1345 1897 1359 1920 ‚
1403 1857 1645 1929 exemplo
1676 1870 1875 1909 erectus
1897 1853 1958 1908 in

397 1966 541 2019 spem
562 1948 822 2014 Venisset,
864 1947 1091 2020 ejusdem
1135 1965 1187 2003 et
1227 1967 1281 2004 se
1305 1949 1471 2004 laudis
1509 1948 1769 2004 aemulum
1801 1961 1958 2019 atque

400 2056 695 2094 consortem
720 2041 860 2099 brevi
883 2041 1112 2095 futurum
1134 2082 1147 2094 .

556 2133 730 2198 Quam
767 2134 1002 2205 profecto
1038 2132 1245 2187 laudem
1285 2134 1507 2189 absurda
1543 2130 1598 2185 in
1638 2129 1784 2185 illum
1820 2127 1956 2199 inju-

397 2236 573 2294 staque
612 2223 910 2295 quaestione
950 2224 1187 2279 instituta
1227 2222 1338 2295 ejus
1388 2224 1730 2296 nequidquam
1776 2223 1951 2274 hostes

395 2316 665 2369 obscurare
689 2316 862 2370 conati
884 2332 1033 2371 sunt.
1060 2317 1192 2370 Rem
1217 2315 1312 2370 etsi
1334 2313 1815 2376 celebratissimum,
1838 2313 1952 2365 bre-

394 2403 528 2460 viter
551 2420 722 2460 tamen
745 2409 1166 2462 commemorabo
1183 2449 1198 2472 ,
1215 2422 1274 2461 ut
1294 2426 1360 2460 ex
1383 2422 1522 2460 tanta
1543 2407 1808 2459 honestate
1830 2421 1949 2457 cau-

395 2515 481 2551 sae
501 2537 517 2561 >
554 2517 656 2569 qua
680 2515 897 2553 mortem
920 2498 1167 2554 occubuit
1185 2541 1199 2563 ,
1221 2498 1391 2570 aliqua
1412 2497 1604 2551 oriatur
1625 2514 1733 2549 non
1754 2492 1946 2548 medio-

395 2588 496 2643 cris
520 2592 809 2645 consolatio
828 2633 843 2655 ‚
885 2611 1012 2663 quae
1035 2589 1300 2646 communi
1323 2587 1559 2643 omnium
1581 2589 1832 2640 bonorum
1864 2602 1950 2636 ae-

395 2680 644 2751 gritudini
681 2684 969 2737 medeatur.
1015 2685 1143 2737 Post
1178 2682 1339 2755 Regis
1378 2678 1737 2751 captivitatem
1774 2694 1947 2733 novus

393 2772 597 2828 Galliae
635 2790 921 2832 conventus
957 2773 1180 2829 indictus
1204 2787 1315 2838 est„
1359 2769 1567 2827 nomine
1605 2767 1810 2841 quidem
1845 2765 1950 2821 dis-
