2180 3537
1033 382 1103 434 4&
1145 388 1216 444 24
1260 383 1330 437 ge

409 482 737 538 incolumitas
759 483 1017 539 nitebatur
1035 526 1048 550 9
1087 486 1214 540 illud
1236 485 1470 540 ordinum
1499 486 1775 541 discrimen
1799 488 1958 542 aufer-

405 589 520 627 tur:
554 560 629 629 vex
657 575 965 647 gravissimo
1001 577 1424 651 sanctissimoque
1462 579 1665 633 Galliae
1704 581 1952 634 Concilio

405 663 468 716 fit
490 666 808 720 turbulentus
844 666 1148 731 hominum,
1187 688 1294 722 non
1332 686 1390 723 ut
1426 690 1546 725 cum
1588 671 1734 743 Rege
1768 672 1956 726 delibe-

404 772 546 820 rent,
588 757 678 812 sed
719 773 777 812 ut
812 757 867 811 in
883 759 1083 831 Regem
1120 759 1482 826 dominentur,
1526 764 1951 820 convenientium

401 863 578 902 coetus
599 889 610 901 .
656 848 765 916 Qui
786 850 928 903 nullo
953 850 1134 905 timore
1155 851 1297 908 vinci
1321 852 1597 925 divellique
1619 875 1649 908 a
1670 856 1815 929 Rege
1836 875 1954 927 pose

399 955 518 993 sunt
544 981 560 1003 ‚
599 954 675 993 tot
713 940 976 995 fortissimi
1019 942 1221 996 Galliae
1263 944 1607 999 Ecclesiarum
1632 946 1911 1001 Antistites
1936 963 1956 1014 ‚'

402 1045 479 1083 tot
501 1031 797 1085 Sacerdotes
820 1032 1131 1105 integerrimi
1156 1076 1169 1098 ‚
1214 1050 1291 1088 tot
1312 1035 1620 1090 nobilissimi
1643 1037 1787 1110 regni
1823 1040 1949 1092 Pro-

399 1138 537 1175 ceres
565 1163 580 1185 ‚
622 1142 741 1176 cum
781 1124 1079 1177 abnormem
1117 1124 1261 1178 illam
1297 1127 1663 1197 absurdumque
1704 1127 1947 1181 ordinum

396 1212 789 1282 permixtionem
812 1215 1101 1285 praepedire
1121 1217 1338 1286 amplius
1361 1236 1466 1270 non
1485 1218 1712 1273 valerent
1732 1260 1746 1281 ,
1790 1220 1944 1272 scele-

396 1300 439 1353 ri
460 1303 640 1356 saltem
662 1305 1003 1376 audaciaeque
1025 1306 1307 1360 obsistendi
1330 1308 1606 1364 consilium
1629 1309 1810 1362 ineunt
1835 1352 1848 1373 ,
1892 1310 1948 1362 in

396 1393 701 1447 contrariam
722 1412 916 1465 partem
937 1396 1210 1450 discedunt
1228 1440 1240 1451 .
1285 1399 1459 1453 Fortes
1481 1416 1532 1451 et
1552 1400 1804 1462 animosi,
1827 1401 1945 1455 vul-

395 1500 449 1537 tu
472 1505 667 1557 sem-per
688 1488 865 1541 eodem
885 1530 900 1551 ,
941 1489 1172 1543 oratione
1193 1491 1361 1545 stabili
1383 1507 1434 1544 et
1465 1511 1571 1545 non
1609 1509 1805 1545 mutata
1840 1493 1947 1547 ani-

392 1575 465 1629 mi
487 1578 641 1631 robur
660 1620 675 1641 ‚
710 1579 1031 1649 prudentiam
1053 1581 1388 1636 consiliorum
1407 1624 1421 1646 ‚
1445 1583 1815 1636 sententiarum
1838 1583 1947 1639 Vim

394 1669 740 1736 petulantiae,
784 1672 1036 1725 amentiae
1059 1715 1073 1737 ‚
1116 1672 1327 1726 clamori
1349 1671 1634 1742 objiciunt.
1680 1676 1727 1728 O
1762 1674 1948 1730 invicti

394 1774 447 1811 et
487 1744 746 1832 nunquam
786 1762 909 1816 satis
945 1764 1184 1817 laudandi
1224 1763 1321 1821 viri
1364 1768 1376 1815 ἔ
1423 1765 1664 1818 Cessistis
1701 1784 1796 1820 vos
1834 1765 1947 1835 qui-

394 1848 511 1902 dem
534 1849 895 1922 impotentium
916 1852 1141 1908 hostium
1161 1853 1320 1908 furori
1340 1896 1359 1919 ‚.
1375 1855 1464 1909 sed
1486 1875 1592 1908 non
1614 1855 1781 1908 timidi
1804 1856 1949 1929 igna-

393 1939 547 2011 vique
568 1943 791 1998 cessistis
814 1964 825 1996 :
870 1945 1062 1999 multos
1084 1965 1149 1999 ex
1169 1945 1322 2001 Vobis
1343 1945 1568 2019 gloriosa
1596 1965 1690 2016 pro
1722 1947 1868 2018 Rege
1897 1963 1949 2000 et

396 2032 644 2105 rel-igione
675 2055 809 2090 mors
841 2036 984 2089 obita
1006 2036 1285 2090 memoriae
1322 2054 1641 2108 posterorum
1677 2038 1947 2108 sempiter-

394 2144 490 2179 nae
514 2129 872 2181 commendat:
915 2130 1149 2200 quivero
1171 2129 1370 2201 gladios
1408 2129 1526 2183 illos
1556 2144 1608 2182 et
1644 2129 1777 2183 sicas
1817 2130 1947 2183 effu-

394 2217 543 2289 gistis
565 2259 579 2281 ‚
624 2220 785 2288 patria
803 2262 818 2284 ,
860 2222 1019 2274 domo
1038 2262 1054 2284 ⁷
1096 2220 1316 2274 fortunis
1338 2221 1580 2274 omnibus
1599 2220 1803 2291 spoliati
1825 2261 1840 2284 ,
1885 2220 1942 2274 in

395 2327 548 2376 quem
584 2329 808 2380 unquam
838 2313 1009 2365 locum
1032 2328 1122 2365 aut
1143 2327 1247 2364 tam
1269 2311 1538 2373 desertum,
1561 2326 1649 2363 aut
1671 2326 1774 2363 tam
1797 2310 1946 2364 inhu-

393 2418 606 2453 manum
627 2402 866 2455 accedere
896 2422 994 2459 Vos
1029 2403 1260 2474 poteritis
1283 2444 1303 2466 ,.
1340 2402 1431 2472 qui
1472 2417 1664 2454 tantam
1701 2400 1965 2483 virtutem,

393 2509 498 2542 non
520 2491 687 2544 mirari
709 2534 722 2555 ‚
767 2495 1002 2565 excipere
1022 2536 1035 2557 9
1059 2511 1291 2564 appetere
1311 2492 1545 2547 Videatur
1569 2496 1580 2544 Ξ
1625 2491 1841 2546 Utinam
1867 2507 1944 2543 tot

396 2602 454 2635 ‘ac
482 2599 618 2635 tanta
640 2586 870 2654 exempla
890 2584 1094 2639 virtutis
1116 2584 1362 2654 populum
1385 2601 1472 2636 aut
1493 2583 1548 2635 in
1570 2580 1747 2635 officio
1775 2580 1943 2634 conti—

398 2673 631 2728 nuissent
653 2716 667 2736 ‚
709 2691 795 2726 aut
817 2677 878 2726 ad
901 2674 1136 2728 officium
1161 2688 1488 2729 revocassent
1508 2677 1519 2724 1

558 2764 747 2817 Horret
778 2804 793 2827 2
845 2765 1274 2818 BEATISSIME
1319 2764 1559 2818 PATER
1597 2804 1612 2828 a
1655 2782 1713 2820 ac
1757 2761 1946 2836 refugit
