2180 3537
797 365 868 416 ψὲε
920 370 986 428 19
1031 361 1102 416 ³34⁶

163 470 318 528 etiam
344 467 687 523 defecturam.
733 464 842 518 Has
864 461 1070 518 factiosi
1104 461 1345 521 homines
1383 465 1727 522 admurmura-

164 564 330 618 tiones
353 579 507 632 quam
530 556 781 613 citissime
803 555 1121 629 excipientes
1140 599 1155 623 ,
1177 577 1330 631 quam
1355 560 1602 615 latissime
1626 561 1727 616 dis-

162 654 389 727 sipantes
411 650 643 725 gestiunt
665 691 680 715 ,
724 648 1043 722 triumphant
1066 669 1083 713 3
1105 652 1507 722 perturbationis
1530 695 1544 718 ‚
1573 673 1728 726 quam

163 743 364 818 jamdiu
406 742 864 809 machinabantur,
908 743 1117 818 signum
1156 746 1476 801 sustollunt:
1520 749 1727 821 Regem

161 835 401 891 omnium
425 835 680 908 optimum
698 877 714 900 ,
758 834 1147 909 integerrimum
1167 879 1182 902 ,
1224 838 1688 912 dignissimumque
1710 882 1725 906 ,

164 925 313 999 cujus
335 926 616 984 amovendi
648 946 680 980 a
711 926 873 999 patria
911 925 1258 999 impendentis
1296 930 1513 1003 periculi
1552 933 1730 987 studio

163 1021 317 1076 enixe
341 1019 449 1092 ejus
471 1019 761 1075 administri
786 1021 1234 1088 obsecundarent,
1281 1024 1597 1080 tradiderunt
1634 1027 1730 1079 ho·-

164 1114 295 1169 mini
335 1114 690 1187 alienigenae,
732 1113 1044 1181 vaferrimO,
1086 1117 1430 1188 cupidissimo
1470 1139 1484 1172 ε
1531 1119 1620 1191 qui
1659 1118 1726 1173 ad

164 1207 426 1280 publicam
449 1206 726 1276 pecuniam
764 1205 1228 1265 administrandam
1261 1211 1535 1266 arcessitus
1568 1232 1734 1284 popu-

165 1301 274 1355 lum
312 1298 516 1371 decepit
549 1341 564 1363 ,
608 1299 808 1373 Regem
846 1299 1108 1373 prodidit,
1163 1303 1414 1359 aerarium
1453 1305 1672 1377 perdidit
1711 1325 1728 1358 ε

165 1412 320 1464 quam
342 1391 598 1447 maximas
621 1382 761 1446 enim
782 1392 1030 1464 pecunias
1055 1411 1316 1452 mutuatus
1339 1413 1417 1452 est
1439 1439 1453 1462 ,
1493 1398 1735 1453 innume-

164 1482 353 1538 rabiles
375 1502 611 1539 versuras
649 1483 811 1548 fecit3
852 1485 1043 1557 quibus
1084 1504 1206 1542 cum
1246 1488 1498 1544 laboranti
1532 1491 1729 1545 aerario

165 1595 318 1648 opem
341 1575 471 1630 ferre
493 1575 716 1648 aliquam
737 1576 1029 1642 videretur,
1073 1598 1250 1637 revera
1284 1600 1369 1636 aes
1408 1581 1577 1655 gentis
1619 1583 1737 1637 alie-

169 1687 294 1723 num
317 1686 381 1721 eo
403 1667 619 1722 adauxit
648 1687 811 1739 usque
831 1710 846 1733 ,
885 1685 944 1723 ut
976 1669 1054 1724 illi
1085 1669 1142 1724 in
1174 1687 1436 1743 posterum
1472 1673 1733 1731 solvendo

167 1758 340 1814 nullus
363 1760 481 1813 Rex
504 1800 519 1824 ,
566 1759 736 1814 nullus
760 1760 1020 1825 Quaestor
1042 1804 1057 1826 ,
1084 1764 1284 1819 nullum
1307 1784 1400 1822 vec
1410 1766 1536 1840 tigal
1558 1782 1693 1822 esset
1719 1807 1731 1820 .

328 1851 506 1905 Errata
527 1850 832 1924 Principum
869 1853 925 1907 in
962 1855 1215 1911 maximas
1255 1858 1566 1931 populorum
1602 1861 1737 1914 calaa

169 1940 377 1996 mitates
400 1943 659 1999 evadunt:
680 1964 832 2017 quam
855 1964 1004 2018 saepe
1027 1962 1197 2002 tamen
1218 1950 1282 2003 ab
1305 1949 1553 2023 improbis
1575 1953 1738 2007 admi-·

173 2031 350 2087 nistris
373 2074 387 2098 ,
422 2034 729 2108 perfidisque
750 2038 1060 2096 consiliariis
1083 2040 1433 2114 imprudentes
1457 2046 1738 2120 adiguntur

173 2123 230 2179 in
270 2126 534 2180 fraudem!
575 2129 746 2183 Nemo
781 2118 972 2203 aequus
1009 2152 1177 2189 rerum
1201 2134 1524 2190 existimator
1545 2140 1737 2192 exhau-

174 2231 315 2272 stum
356 2217 519 2292 Regis
560 2218 762 2276 incuria
806 2239 895 2277 aut
947 2223 1076 2280 luxu
1132 2227 1381 2284 aerarium
1432 2249 1542 2285 esse
1592 2230 1739 2303 queri

176 2318 381 2380 p0test:
425 2327 617 2366 norunt
637 2332 816 2370 omnes
841 2336 993 2388 quam
1012 2358 1027 2383 ,
1072 2337 1136 2373 ne
1158 2321 1402 2377 deficeret
1421 2364 1434 2387 ,
1479 2323 1567 2377 ille
1601 2324 1738 2378 adla-

168 2400 374 2456 borarit
404 2442 419 2466 ,
460 2409 616 2474 quam
653 2405 783 2459 nihil
818 2407 1130 2465 intentatum
1168 2412 1429 2485 reliquerit
1465 2436 1482 2477 ;
1519 2434 1739 2489 cumque

180 2492 495 2567 intelligeret
515 2513 766 2568 quantum
791 2499 858 2554 sit
887 2500 942 2554 in
978 2502 1183 2576 Regum
1221 2506 1535 2576 parsimonia
1572 2508 1741 2564 vecti-

183 2586 307 2658 gal,
349 2604 402 2641 et
431 2606 621 2661 quanta
657 2588 776 2647 inde
813 2591 1036 2665 publicis
1073 2597 1307 2667 pecuniis
1344 2600 1579 2654 accessio
1613 2600 1740 2676 fiat-,-

186 2696 342 2749 quam
365 2699 466 2735 non
490 2681 587 2737 sibi
611 2724 626 2748 ,
669 2704 774 2739 non
798 2685 940 2760 regio
960 2684 1057 2758 juri
1080 2728 1095 2752 ,
1138 2708 1540 2764 ornamentoque
1562 2713 1740 2766 peper-

188 2768 318 2826 cerit
340 2810 355 2837 ,
398 2788 456 2828 ut
476 2792 542 2830 ex
562 2794 667 2832 una
697 2774 804 2850 ejus
844 2779 1168 2837 continentia
1205 2783 1564 2860 regiorumque
1601 2805 1740 2842 sum-
