2180 3537
1029 378 1099 430 a&
1151 382 1217 438 14
1260 379 1332 433 ἐὴ

401 492 564 532 artem
599 472 821 551 (utilem
858 494 922 529 ne
963 475 1135 547 potius
1169 494 1235 528 an
1268 475 1527 532 exitialem
1551 517 1565 541 ‚
1601 475 1723 530 boni
1758 496 1820 531 ne
1838 496 1945 532 ma-

400 567 480 641 gis
501 566 716 631 etveri‚
757 585 821 619 an
861 565 1008 637 pravi
1050 566 1266 638 fictique
1289 568 1534 622 nunciam
1560 566 1773 632 nescio;
1817 588 1947 641 quae

397 679 521 714 cum
559 659 719 732 Regis
759 674 865 713 tam
903 660 966 713 de
1008 677 1064 712 se
1085 659 1382 714 benemeriti
1404 659 1620 717 virtutes
1659 661 1904 716 extollere
1927 702 1942 726 ‚

394 772 586 808 nomen
621 748 998 805 immortalitati
1019 751 1379 806 commendare
1415 751 1708 817 debuisset,
1749 768 1834 807 toti
1864 752 1944 807 illi

393 842 761 918 sycophantias
796 841 1020 908 struxit,
1063 858 1171 896 tam
1207 856 1438 897 atrocem
1476 844 1744 901 arcessivit
1764 843 1940 898 interi-

392 952 506 988 tum
527 933 551 1010 )
576 955 592 998 3
623 933 713 990 sed
735 949 895 988 artem
917 933 1005 987 ille
1025 931 1177 990 Vobis
1202 932 1629 1008 typographicam
1651 930 1940 990 faciliorem

389 1025 850 1098 perfectioremque
887 1025 1197 1079 reddendam
1240 1025 1442 1082 curavit
1463 1068 1479 1091 ‚
1514 1042 1574 1081 ut
1608 1042 1780 1083 vestra
1798 1026 1943 1083 illius

389 1137 488 1189 ope
510 1117 693 1190 scripta
720 1137 806 1190 per
827 1135 1036 1171 omnem
1059 1116 1211 1172 citius
1235 1133 1478 1172 terrarum
1501 1121 1678 1173 orbem
1701 1138 1941 1174 excurre-

386 1227 516 1274 rent,
536 1227 684 1282 atque
705 1209 901 1283 ingenii
923 1209 1289 1282 doctrinaeque
1304 1225 1506 1268 vestrae
1522 1210 1712 1264 famam
1733 1210 1942 1284 longius

385 1301 643 1374 latiusque
678 1303 959 1373 proferrent
981 1343 992 1356 .
1030 1302 1203 1374 Atque
1225 1303 1348 1357 haec
1371 1345 1386 1367 ‚
1411 1323 1539 1375 quae
1563 1323 1727 1375 pauca
1749 1322 1814 1359 ex
1838 1320 1941 1359 tam

385 1393 565 1448 multis
589 1435 603 1458 ,
639 1412 769 1465 quae
807 1392 911 1448 dici
952 1409 1165 1465 possent
1187 1435 1201 1458 ,
1241 1396 1649 1453 commemoravi
1681 1415 1699 1460 ς,
1741 1395 1942 1451 Galliae

389 1485 526 1543 vires
564 1500 693 1540 terra
726 1485 953 1558 marique
973 1505 1003 1538 a
1025 1486 1413 1542 LVDOVICO
1452 1487 1786 1543 confirmatae
1808 1529 1824 1553 ‚
1848 1506 1939 1542 au.-

389 1576 601 1631 ctoritas
638 1592 863 1642 asserta,
903 1577 1276 1649 amplificatum
1316 1580 1688 1634 commercium
1726 1622 1740 1645 ‚
1782 1583 1943 1635 bona·

384 1686 500 1722 rum
523 1667 709 1723 artium
734 1668 957 1743 dignitas
979 1670 1212 1725 restituta
1233 1712 1249 1735 ‚
1294 1671 1418 1727 satis
1446 1713 1461 1737 ,
1501 1674 1935 1729 BEATISSINIE

382 1758 630 1813 PATER
655 1800 669 1823 ‚
712 1778 960 1832 superque
991 1761 1250 1816 declarant
1267 1804 1282 1827 ‚
1306 1763 1501 1819 nullam
1525 1785 1630 1820 rem
1652 1778 1767 1822 esse'
1784 1766 1839 1819 in
1862 1786 1938 1821 re-

384 1851 582 1922 gnandi
618 1867 724 1905 arte
757 1852 980 1923 positam
1003 1893 1018 1917 ,
1058 1872 1188 1925 quae
1225 1871 1449 1909 mentem
1481 1854 1590 1927 ejus
1618 1857 1797 1930 fugere
1819 1876 1937 1928 pos-

387 1956 466 1996 set
499 1947 662 2005 3'non
698 1943 776 1997 illi
817 1960 1074 2016 praeterea
1113 1944 1168 1999 in
1203 1947 1430 2020 negotiis
1472 1949 1555 2005 vel
1595 1948 1938 2021 suscipiendis

385 2032 712 2103 prudentiam
733 2075 748 2099 ,
785 2035 869 2091 vel
904 2036 1141 2109 gerendis
1182 2036 1541 2095 dexteritatem
1578 2081 1594 2105 ‚
1645 2041 1732 2098 Vel
1768 2041 1937 2097 confi-

384 2123 585 2180 ciendis
608 2125 953 2181 constantiam
977 2127 1239 2194 defuisse·,
1274 2149 1402 2204 quae
1443 2131 1662 2204 denique
1703 2132 1938 2187 benefice

383 2233 438 2269 et
457 2216 737 2272 liberaliter
763 2238 912 2292 agere
945 2238 1282 2278 consueverat
1302 2262 1318 2286 ,
1359 2242 1465 2277 non
1498 2222 1661 2277 animi
1699 2222 1935 2277 imbecil-

383 2308 519 2362 litati
543 2309 812 2365 tribuenda
833 2331 943 2366 esse
961 2354 975 2377 ,
998 2327 1057 2366 ut
1078 2314 1313 2367 nonnulli
1335 2311 1633 2384 injuriosius
1651 2313 1896 2370 effutiunt
1911 2356 1928 2382 ‚

384 2399 476 2455 sed
513 2399 698 2456 insitae
718 2402 915 2477 ingenii
948 2403 1223 2460 lenitudini
1260 2424 1321 2459 ac
1346 2405 1604 2460 bonitati.

544 2493 625 2546 At
646 2493 784 2549 enim
822 2495 866 2550 si
903 2497 1042 2550 nulla
1075 2514 1141 2552 ex
1163 2497 1316 2571 regiis
1353 2497 1457 2552 illis
1499 2497 1777 2555 virtutibus
1800 2496 1931 2554 desi-

387 2584 655 2639 derabatur
688 2586 744 2639 in
766 2606 830 2641 eo
854 2629 869 2651 ,
910 2608 1040 2661 quae
1071 2609 1314 2663 magnam
1351 2609 1472 2663 erga
1504 2591 1817 2661 Imperantes
1838 2610 1932 2662 po-

388 2676 522 2745 pulis
544 2678 877 2733 reverentiam
898 2679 1180 2751 injiciunt3
1219 2681 1263 2735 si
1300 2680 1428 2734 mira
1464 2682 1713 2752 quaedam
1750 2682 1930 2736 huma-

383 2767 522 2824 nitas
544 2808 560 2835 ,
602 2785 653 2825 et
673 2769 943 2845 singularis
965 2771 1021 2825 in
1043 2791 1224 2827 omnes
1245 2770 1587 2829 beneficentia
1625 2773 1690 2828 ad
1719 2773 1809 2829 has
1829 2773 1931 2831 vir-·
