2180 3537
795 382 865 433 a&
909 391 943 446 9
984 382 1054 433 ἐὰν

149 496 324 546 ream,
363 481 632 535 autetiam
675 484 955 537 concidant
993 497 1044 537 et
1085 481 1454 537 sublabantur.
1498 485 1684 553 Itaque

145 571 250 643 jam
286 592 389 626 non
422 573 654 628 Gallicae
693 577 874 630 classes
909 574 1067 628 maria
1103 574 1322 646 amplius
1361 572 1681 643 trajiciebant

148 666 286 736 leges
309 666 497 737 ubique
518 667 706 722 laturae
730 709 743 732 ,
777 666 1155 738 injecturaeque
1189 665 1425 738 gentibus
1448 679 1640 718 metum
1663 684 1681 726 3

149 754 252 826 jam
290 777 395 811 non
424 758 479 812 in
504 760 683 815 ceteris
705 762 935 832 Europae
973 759 1126 832 regiis
1149 757 1350 811 Galliae
1382 775 1569 811 nomen
1592 758 1684 810 do-

152 848 445 904 minabatur
467 893 482 915 ,
517 871 622 906 non
644 852 699 904 in
723 851 955 906 consiliis
991 849 1229 903 ineundis
1251 848 1687 920 praeponderabat

154 941 436 996 auctoritas
461 983 471 995 .
514 942 659 1008 Quid
690 943 751 996 de
773 941 1001 996 moribus
1025 940 1195 994 dicam
1216 980 1233 1003 ‚
1264 957 1480 1010 quorum
1511 938 1690 992 remis-

155 1033 235 1088 sio
258 1075 272 1097 ,
311 1050 401 1087 aut
422 1034 592 1106 potius
621 1033 882 1105 corruptio
910 1032 981 1086 ita
1003 1031 1171 1106 gentis
1202 1028 1507 1083 industriam
1529 1029 1693 1101 frege-

155 1142 268 1190 rat,
311 1125 631 1179 alacritatem
665 1125 924 1197 sopiverat
945 1166 960 1189 ⁷
998 1140 1056 1178 ut
1094 1122 1394 1177 commercii
1426 1163 1441 1185 ‚
1473 1136 1524 1175 et
1561 1121 1695 1174 litte-

157 1235 321 1270 rarum
346 1257 360 1280 ,
395 1236 545 1288 quem
573 1215 672 1270 sibi
696 1236 785 1288 per
808 1232 887 1270 tot
907 1234 1069 1270 annos
1092 1229 1371 1270 asseruerat
1393 1255 1408 1277 ‚
1437 1213 1696 1284 principa·-

158 1323 241 1362 tus
263 1308 350 1360 ille
386 1306 488 1377 jam
526 1327 656 1378 pene
699 1327 1066 1362 consenescere
1099 1348 1114 1372 9
1154 1325 1214 1361 ac
1255 1305 1391 1359 mole
1431 1323 1523 1359 sua
1555 1322 1697 1356 ruere

158 1400 456 1457 videretur?
500 1399 651 1462 Quae
672 1399 797 1453 olim
821 1401 1062 1453 florentes
1101 1396 1294 1470 gloriae
1324 1411 1375 1449 et
1406 1394 1600 1451 divitiis
1624 1393 1699 1448 fa.-

162 1492 491 1545 mulabantur
512 1531 526 1553 ,
565 1489 667 1560 jam
694 1491 755 1543 de
775 1490 935 1546 veteri
960 1488 1209 1561 dignitate
1244 1486 1470 1557 dejectae
1504 1486 1600 1540 soli
1624 1485 1701 1542 vi-

165 1582 239 1635 tio
263 1580 685 1634 lenocinabantur
706 1598 836 1634 artes
863 1601 875 1634 ε
920 1580 1152 1633 liberales
1185 1578 1443 1632 doctrinas
1467 1579 1704 1632 excolen-

164 1674 218 1727 di
241 1675 389 1727 ardor
410 1672 531 1735 ille,
568 1692 672 1744 quo
709 1670 1142 1744 praestantissima
1180 1668 1388 1742 ingenia
1421 1668 1712 1722 inflamma-

167 1782 218 1820 ta
240 1785 375 1821 nova
396 1762 557 1835 usque
581 1802 595 1827 ‚
634 1784 792 1836 eaque
815 1764 883 1817 rei
909 1763 1178 1817 litterariae
1201 1761 1426 1815 maxime
1446 1760 1595 1814 utilia
1628 1761 1708 1814 in—

168 1876 324 1918 venta
344 1860 714 1922 extundebant,
732 1857 834 1928 jam
859 1859 1196 1920 deferbuerat3
1218 1872 1269 1910 et
1288 1856 1374 1927 qui
1398 1855 1606 1909 litterati
1629 1857 1712 1908 ha-

170 1951 419 2003 bebantur
439 1964 528 2002 aut
550 1949 603 2002 in
627 1949 901 2004 relevando
922 1949 1206 2003 otiosorum
1244 1947 1453 2001 fastidio
1479 1988 1492 2011 ‚
1530 1962 1619 2000 aut
1656 1946 1712 2000 in

171 2040 398 2097 fovenda
437 2041 871 2111 voluptuosorum
910 2040 1126 2095 libidine
1165 2081 1179 2103 ,
1219 2056 1307 2094 aut
1348 2039 1402 2092 in
1444 2038 1714 2092 irridendis

175 2132 511 2207 sanctissimis
539 2132 683 2186 Fidei
707 2132 963 2205 dogmatis
987 2131 1176 2203 scripta
1204 2131 1567 2202 impendebant
1587 2148 1715 2191 sua;

177 2225 277 2278 alia
300 2225 507 2296 quidem
539 2224 727 2280 frivola
762 2265 776 2287 ‚
820 2223 945 2276 licet
981 2222 1295 2276 artificiosae
1328 2219 1570 2273 dictionis
1590 2218 1721 2272 fuco

179 2316 307 2369 illita
331 2356 345 2378 ‚
389 2315 491 2369 alia
508 2316 707 2388 impura
731 2356 744 2378 ,
784 2313 882 2368 alia
919 2314 1077 2386 impia
1099 2356 1114 2380 9
1147 2311 1322 2368 omnia
1343 2329 1500 2383 aeque
1522 2308 1714 2380 Reipu-

179 2407 348 2460 blicae
373 2407 527 2460 noxia
552 2449 564 2460 .

343 2499 421 2550 Ita
461 2497 783 2552 debilitatum
827 2541 841 2563 ,
896 2514 1046 2570 atque
1089 2498 1371 2570 collapsum
1413 2494 1610 2549 Galliae
1641 2513 1716 2547 re-

188 2607 349 2660 gnum
387 2591 807 2644 LVDOVICVS
847 2591 1047 2661 accepit
1086 2632 1102 2660 ·.
1143 2590 1291 2654 Quae
1334 2607 1452 2641 cum
1495 2606 1599 2639 non
1635 2604 1717 2638 so-

186 2680 292 2731 lum
316 2678 592 2749 conjiceret
616 2723 630 2745 ,
675 2682 763 2735 sed
783 2682 931 2752 plane
959 2698 1187 2734 cerneret
1220 2678 1428 2754 (neque
1464 2677 1599 2730 enim
1621 2675 1719 2730 sibi

188 2787 399 2841 regnum
418 2811 436 2835 2
475 2788 532 2826 ut
554 2773 733 2829 ceteris
756 2772 954 2827 beatior
973 2814 995 2840 ,,
1027 2774 1116 2829 sed
1136 2789 1194 2827 ut
1213 2769 1514 2846 vigilantior
1550 2784 1680 2823 esset
1701 2809 1717 2830 ,

1108 2867 1135 2911 h

755 2959 781 2983 ‚
799 2968 803 2972 .
