2180 3537
1049 396 1119 449 42&
1157 400 1194 455 4
1236 395 1307 448 ³44⁶

403 491 546 547 TER
572 533 587 558 ,
624 510 805 547 ornnes
841 491 1066 546 dolendo
1107 490 1369 564 praecedis
1393 532 1405 544 .
1443 490 1509 545 Et
1546 490 1791 562 quoniam
1828 491 1949 546 dum

405 583 1017 657 aerumnosissimoRegi‚
1037 585 1083 636 T
1087 583 1258 655 ibique
1275 582 1593 637 amicissimo
1610 582 1746 654 justa
1766 583 1958 654 persoLv

404 663 485 729 Vis
501 716 516 740 ‚
544 693 627 729 me
645 675 706 728 de
728 672 834 744 ejus
854 674 1091 728 laudibus
1111 675 1278 729 dicere
1300 716 1314 738 ‚
1350 690 1402 728 et
1431 675 1642 746 aliquod
1674 675 1839 728 dolori
1863 692 1952 728 tuo

405 766 744 820 lenimentum
768 765 1006 820 adhibere
1036 765 1246 822 Voluisti
1271 786 1288 828 ς
1322 785 1596 837 utrumque
1629 787 1710 820 me
1733 785 1951 838 praesta-

406 874 578 912 turum
600 858 846 913 existimo
865 899 880 921 ,
903 858 946 911 si
965 859 1235 910 ostendero
1253 899 1268 921 ‚
1313 859 1765 911 LVDOVICVNI
1796 861 1948 912 XVI.

404 949 479 1003 ita
521 949 814 1003 beneficum
852 964 904 1001 et
939 946 1239 1020 religiosum
1271 948 1431 1000 fuisse
1463 988 1478 1010 9
1517 964 1576 1000 ut
1611 949 1780 1020 regiae
1819 967 1954 1002 tran-

404 1040 648 1113 quillitati
689 1039 1082 1109 auctoritatique
1120 1038 1516 1092 beneficentiam
1555 1041 1906 1110 anteposuerit
1936 1084 1951 1106 ,

410 1151 506 1204 pro
528 1132 777 1204 religione
799 1151 1029 1204 regnum,
1049 1129 1313 1200 vitamque
1334 1129 1498 1200 ipsam
1522 1129 1801 1184 devoverit.
1829 1132 1954 1196 Quo

404 1224 535 1279 nihil
568 1225 633 1277 ad
671 1222 779 1294 ejus
820 1223 1120 1276 memoriam
1154 1222 1509 1275 illustrandam
1532 1219 1808 1292 gloriosius
1848 1223 1955 1277 dici

404 1332 574 1387 potest
593 1358 608 1380 ‚
629 1315 756 1369 nihil
775 1314 1219 1369 accommodatius
1245 1315 1311 1366 ad
1332 1311 1736 1367 imminuendam
1758 1315 1957 1386 magni—

409 1408 639 1462 tudinem
668 1407 864 1461 doloris
894 1406 968 1460 tui
992 1448 1003 1459 .

565 1499 798 1554 Eximiae
815 1499 1030 1557 Virtutes
1053 1498 1246 1553 multos
1271 1498 1468 1552 Galliae
1489 1500 1679 1572 Reges,
1705 1514 1756 1552 et
1777 1499 1958 1571 plenae

404 1591 675 1665 dignitatis
704 1591 1071 1664 appellationes
1094 1591 1492 1645 commendant:
1534 1593 1626 1646 hos
1650 1592 1918 1664 Augustos
1938 1634 1955 1657 ‚

404 1683 525 1738 illos
548 1684 839 1756 Sapientes,
860 1684 1138 1738 nonnullos
1171 1682 1326 1737 etiam
1352 1683 1581 1756 Magnos
1604 1699 1655 1736 et
1677 1682 1845 1736 dictos
1869 1724 1883 1746 ,
1907 1698 1960 1737 et

403 1776 637 1840 habitos,
677 1772 786 1846 ejus
808 1775 975 1848 gentis
998 1776 1207 1830 annales
1238 1790 1289 1828 et
1310 1791 1647 1828 monumenta
1683 1774 1958 1831 vetustatis

406 1868 688 1940 loquuntur
711 1909 722 1920 .
766 1869 962 1921 Verum
1003 1865 1059 1920 in
1094 1866 1160 1920 iis
1201 1865 1501 1920 nominibus
1538 1866 1655 1937 plus
1694 1865 1956 1919 interdum

406 1960 542 2015 inest
581 1959 880 2014 ambitionis
924 1978 1077 2030 quam
1118 1958 1317 2032 gloriae
1351 1998 1368 2022 ‚
1405 1956 1765 2012 assentationis
1801 1975 1958 2028 quam

406 2051 602 2106 laudis:
628 2069 758 2123 quae
776 2050 974 2108 veroin
995 2049 1143 2105 bellis
1161 2066 1211 2104 et
1226 2048 1459 2106 victoriis
1483 2049 1775 2122 conquisita
1797 2064 1920 2103 sunt
1939 2078 1956 2102 9

408 2164 468 2199 ea
507 2145 743 2198 fortunae
779 2143 945 2216 magis
969 2184 984 2207 ,
1018 2162 1174 2215 quam
1210 2141 1439 2196 moribus
1473 2141 1752 2196 convenire
1773 2141 1955 2196 viden-

409 2253 524 2291 tur.
562 2237 721 2302 Quod
749 2256 874 2293 vero
901 2235 1079 2308 populi
1112 2234 1295 2287 caritas
1327 2250 1482 2303 atque
1517 2232 1773 2285 indefessa
1800 2232 1957 2284 bene-

410 2329 622 2384 ficentia
641 2327 876 2400 Regibus
898 2345 1088 2380 nomen
1110 2323 1276 2387 indit,
1317 2322 1373 2377 in
1414 2320 1524 2393 ejus
1561 2320 1864 2376 societatem
1902 2340 1958 2375 se

409 2421 617 2474 fortuna
640 2438 743 2472 non
767 2418 958 2480 offert;
1000 2416 1128 2470 nihil
1161 2436 1228 2469 ex
1260 2414 1352 2468 illo
1384 2413 1484 2468 sibi
1519 2412 1833 2476 assentati0‚
1878 2411 1958 2466 ni-

411 2510 484 2565 hil
516 2509 736 2564 ambitio
764 2508 990 2580 decerpit
1014 2528 1028 2561 ε
1061 2526 1240 2562 omnes
1263 2506 1317 2560 in
1341 2526 1402 2560 eo
1422 2505 1724 2577 Principum
1749 2504 1954 2569 laudeS,

413 2601 590 2656 omnia
626 2602 712 2658 vel
751 2600 979 2654 maxime
1014 2599 1283 2670 splendida
1326 2615 1378 2652 et
1418 2596 1702 2668 magnifica
1745 2595 1961 2650 nomina

414 2692 750 2748 continentur
774 2712 792 2754 ς
826 2709 885 2746 ut
904 2692 994 2763 qui
1014 2691 1316 2745 Beneficum
1339 2689 1524 2743 dixerit
1545 2690 1741 2763 Regem
1765 2728 1780 2752 ,
1821 2688 1960 2743 idem

414 2800 466 2841 ct
496 2786 798 2859 Augustum
821 2825 837 2851 ,
874 2798 929 2840 et
948 2782 1241 2857 Sapientem
1270 2822 1286 2848 ‚
1325 2797 1377 2837 et
1396 2782 1660 2855 Magnum
1696 2779 1920 2853 appellet
1941 2819 1952 2832 .
