2180 3537
1047 403 1116 457 ,μμ
1160 383 1232 438 28
1273 394 1343 447 ἐξ*

407 491 676 546 hominum
707 510 809 546 non
845 513 1077 567 erumpat
1110 498 1366 553 audacia?
1404 496 1513 564 Qui
1547 518 1670 556 vero
1710 513 1761 553 et
1801 517 1954 570 quam

400 585 715 637 execrandus
739 583 845 638 dies
866 585 990 650 ille,
1029 588 1119 658 qui
1159 605 1261 644 tam
1301 606 1482 645 tetram
1522 608 1730 646 noctem
1772 611 1953 646 conse-

400 692 552 728 cutus
591 691 668 728 est
703 679 714 727 Ξ
758 695 863 745 quo
905 676 992 730 die
1030 697 1057 730 e
1095 679 1238 752 regio
1276 681 1647 735 Versalliarum
1684 681 1954 736 domicilio

397 767 514 820 Rex
553 766 807 823 Violenter
837 768 1125 824 abstractus
1154 812 1167 835 ‚
1211 787 1261 825 et
1298 771 1502 826 illarum
1532 773 1755 844 pestium
1793 794 1852 828 ac
1875 775 1951 828 fu-

395 857 584 911 riarum
623 857 861 912 custodia
885 858 1227 917 circumfusus
1261 862 1489 918 Parisios
1529 865 1911 939 transmigravit
1934 907 1946 919 .

554 949 658 1003 Hic
682 951 789 1005 dies
830 953 1214 1009 LVDOVICO
1256 955 1503 1028 regnandi
1541 955 1700 1010 finem
1740 956 1947 1022 attulit,

396 1058 548 1113 atque
584 1043 795 1098 adversa
814 1042 990 1096 omnia
1012 1046 1273 1099 metuendi
1297 1046 1447 1101 bonis
1473 1089 1487 1111 ,
1515 1046 1820 1119 expectandi
1843 1067 1949 1100 ma-

395 1134 459 1189 lis
481 1134 688 1188 initium
715 1176 726 1187 .
773 1135 854 1189 Ex
875 1135 965 1190 illo
988 1136 1124 1190 enim
1149 1140 1470 1193 turbulentus
1494 1139 1581 1192 ille
1604 1158 1706 1191 non
1728 1139 1949 1210 amplius

394 1225 595 1279 Galliae
619 1226 856 1280 ordinum
880 1268 896 1291 ‚
937 1228 1028 1282 sed
1065 1228 1226 1303 Regis
1263 1231 1490 1285 hostium
1533 1246 1820 1287 conventus
1862 1250 1948 1286 su-

390 1336 619 1388 premam
660 1318 760 1372 sibi
804 1319 1163 1373 auctoritatem
1201 1321 1492 1378 vindicavit
1532 1342 1544 1375 :
1586 1341 1650 1375 ex
1681 1321 1776 1375 illo
1808 1321 1945 1394 Regi

390 1409 563 1480 specie
599 1426 744 1465 tenus
777 1410 1062 1482 imperandi
1099 1411 1277 1465 relicta
1315 1412 1538 1486 dignitas
1583 1453 1597 1476 ,
1652 1412 1816 1485 reipsa
1856 1431 1943 1484 pa-

389 1503 535 1557 rendi
568 1501 846 1558 necessitas
881 1501 1154 1573 injuncta:
1200 1523 1265 1558 ex
1287 1504 1377 1558 illo
1410 1505 1575 1559 mixta
1598 1547 1612 1570 ,
1656 1506 1945 1577 perturbata

385 1596 563 1651 omnia
601 1636 616 1660 ‚
656 1596 911 1649 bonorum
948 1598 1130 1652 caedes
1169 1639 1183 1661 ,
1224 1597 1523 1670 Principum
1564 1599 1717 1670 fugae
1746 1637 1760 1660 ,
1799 1616 1943 1668 prae-

386 1691 585 1743 donum
629 1686 924 1740 dominatus
948 1728 962 1750 ,
999 1704 1345 1743 monstrorum
1389 1688 1619 1762 tyrannis
1644 1729 1655 1741 .
1700 1687 1940 1744 Invictus

382 1781 472 1833 ille
509 1778 670 1852 Regis
693 1778 889 1854 *Frater
925 1779 1232 1834 Atrebatum
1269 1781 1517 1853 Princeps
1542 1823 1555 1845 ,
1600 1801 1719 1835 cum
1763 1800 1791 1834 a
1814 1799 1940 1835 con-

381 1869 668 1941 juratorum
707 1870 1041 1925 mucronibus
1076 1890 1225 1926 suum
1263 1873 1368 1944 peti
1405 1874 1539 1927 latus
1584 1872 1817 1936 videret,
1863 1872 1941 1926 in-

382 1961 586 2036 gruenti
607 1961 833 2016 hostium
856 1962 1016 2016 furori
1039 1981 1143 2016 non
1165 1982 1218 2017 se
1239 1963 1326 2017 ille
1347 1964 1552 2035 quidem
1575 1980 1779 2036 propter
1802 1964 1940 2021 Vitae

381 2054 721 2127 cupiditatem
759 2054 1043 2121 subduxit,
1086 2056 1176 2111 sed
1216 2072 1274 2110 ut
1294 2056 1550 2110 laboranti
1569 2057 1730 2110 Fratri
1757 2098 1770 2121 ,
1808 2076 1937 2129 quae

380 2144 435 2199 in
474 2147 642 2217 patria
679 2164 784 2200 non
821 2165 995 2218 posset
1033 2189 1048 2213 ‚
1089 2163 1232 2202 extra
1272 2148 1488 2219 patriam
1537 2149 1732 2204 auxilia
1775 2149 1936 2204 tutius

381 2240 704 2291 contraheret
740 2279 755 2301 ‚
794 2252 846 2291 et
878 2238 1212 2292 formidatum
1254 2238 1402 2292 illum
1439 2240 1661 2295 Henrici
1685 2242 1778 2294 IV.
1819 2241 1933 2313 glae

379 2328 524 2382 dium
566 2347 745 2383 secum
781 2330 935 2383 ferret
966 2370 980 2393 ‚
1030 2344 1291 2384 tantorum
1334 2331 1583 2384 scelerum
1620 2330 1884 2388 Vindicem
1917 2372 1928 2384 .

378 2421 653 2494 Augustae
689 2421 849 2494 Regis
888 2420 1115 2496 Conjugi
1137 2421 1371 2495 fugiendi
1394 2442 1498 2476 non
1522 2441 1702 2477 caussa
1723 2423 1889 2476 solum
1915 2463 1928 2487 ‚

378 2530 445 2564 ne
484 2528 677 2565 tantam
719 2512 910 2566 furenti
949 2514 1085 2585 plebi
1122 2514 1365 2571 Virtutem
1389 2557 1403 2579 ,
1448 2530 1739 2585 tantamque
1774 2532 1930 2586 gene-

378 2601 447 2655 ris
486 2603 789 2675 dignitatem
834 2605 1051 2658 traderet
1081 2647 1096 2669 ,
1157 2607 1247 2660 sed
1285 2626 1413 2678 pene
1453 2605 1733 2660 necessitas
1771 2621 1877 2658 erat
1911 2625 1927 2658 ε

379 2693 541 2766 Regis
573 2695 709 2748 enim
733 2696 951 2750 consilia
971 2737 985 2759 ,
1028 2699 1258 2751 hortatus
1281 2738 1295 2760 ,
1335 2698 1599 2769 lacrymae
1620 2695 1926 2769 adigebant:

379 2784 459 2841 his
495 2785 584 2839 issa
620 2785 749 2840 nihil
771 2804 1044 2845 movetur:
1082 2803 1159 2842 est
1180 2787 1471 2842 incredibili
1494 2788 1720 2861 quodam
1743 2790 1925 2843 robore
