2180 3537
815 362 886 414 4224
931 367 996 422 33
1041 359 1112 412 ³{4‘

183 465 398 538 aliquem
438 459 680 534 temporis
714 459 1038 532 interjectum
1058 458 1476 524 defervescente,
1513 457 1656 515 cives
1679 477 1733 514 se

182 558 262 612 sui
303 557 508 610 tandem
550 552 855 626 colligerent
891 593 907 618 ‚
961 568 1115 624 atque
1154 551 1466 606 adsaniora
1507 550 1732 604 consilia

180 664 405 702 mentem
428 660 832 707 converterentg
872 642 1058 716 quibus
1093 643 1158 697 ad
1197 641 1433 697 officium
1471 642 1728 697 redeunti-

179 741 273 794 bus
310 736 720 791 liberalissimam
769 735 1004 790 omnium
1045 735 1298 791 scelerum
1346 734 1558 793 veniam
1610 735 1732 791 Rex

178 827 614 884 clementissimus
655 827 906 882 offerebat
948 868 964 892 ,
1001 847 1178 885 veram
1221 826 1546 891 libertatem,
1586 826 1731 880 inco-

177 921 464 977 lumitatem
486 962 501 985 ‚
546 919 876 993 Religionem
904 918 1074 973 omnis
1098 916 1472 972 incolumitatis
1494 919 1689 971 fontem
1711 958 1723 970 .

336 1011 476 1065 Huic
509 1011 689 1082 plenae
721 1008 928 1063 consilii
961 1008 1337 1081 sapientiaeque
1371 1008 1526 1082 fugae
1547 1009 1729 1062 arride-

176 1123 230 1158 re
267 1102 472 1156 fortuna
506 1100 786 1173 paullisper
818 1100 931 1157 visa
953 1117 1031 1155 est
1053 1141 1064 1154 .
1106 1101 1232 1166 Quo
1271 1117 1441 1155 tamen
1480 1102 1534 1155 in
1558 1119 1728 1173 perse-

175 1195 379 1267 quenda
412 1194 604 1251 Virtute
639 1193 806 1248 scelus
843 1213 949 1247 non
988 1193 1223 1266 pervadit
1245 1235 1259 1257 ‚
1307 1214 1410 1266 quo
1448 1213 1552 1247 non
1590 1193 1729 1250 citis-

175 1287 304 1341 sime
339 1284 610 1358 pervenit?
653 1284 999 1356 Improvisum
1034 1304 1194 1357 prope
1224 1288 1522 1340 Varennam
1544 1288 1688 1341 adest
1710 1329 1725 1352 ,

173 1378 354 1451 fugam
398 1392 677 1430 remoratur
698 1417 712 1440 ‚
751 1375 1043 1449 fugientem
1067 1376 1414 1435 circumvenit
1435 1419 1449 1441 ,
1497 1397 1726 1451 compre·

174 1469 354 1524 hendit
396 1509 407 1521 .
449 1469 632 1539 Elapsa
667 1485 836 1522 tamen
870 1488 935 1522 ex
969 1467 1078 1539 ejus
1110 1469 1349 1524 manibus
1381 1472 1593 1541 praedae
1610 1491 1728 1543 pars

174 1577 287 1615 est:
328 1559 453 1615 alter
474 1559 627 1633 Regis
650 1560 823 1614 Frater
860 1560 1003 1614 felici
1024 1561 1247 1633 quodam
1278 1561 1387 1616 fato
1419 1564 1584 1619 evasit
1605 1585 1631 1618 e
1653 1584 1727 1618 re-

172 1671 280 1725 gno
302 1693 316 1715 ,
340 1671 404 1705 ne
425 1670 542 1706 suas
566 1693 580 1715 ‚
606 1650 840 1722 equidem
865 1653 1020 1706 credo
1043 1694 1057 1716 ‚
1098 1651 1285 1707 misero
1319 1653 1479 1708 Fratri
1501 1654 1723 1720 Vindex,

171 1761 332 1813 parvo
356 1741 545 1796 Fratris
570 1741 704 1795 Filio
741 1758 996 1807 assertor,
1040 1743 1269 1798 afflictae
1307 1745 1502 1817 patriae
1539 1746 1724 1800 libera-

173 1848 293 1897 tor,
336 1851 606 1905 oppressae
644 1833 914 1905 Religioni
948 1834 1185 1889 defensor
1225 1837 1423 1892 deesset
1463 1879 1475 1892 .
1524 1839 1726 1894 Potuis-

171 1940 252 1980 set
293 1940 344 1978 et
380 1924 491 1997 ipse
522 1926 640 1979 Rex
671 1925 825 1980 facile
861 1925 1088 2000 effugere
1112 1967 1126 1992 ‚
1164 1930 1322 1983 modo
1353 1930 1509 1985 fortes
1553 1948 1603 1985 et
1643 1931 1726 1986 sui

170 2015 434 2071 studiosos
471 2015 664 2071 milites
700 2016 887 2071 irruere
919 2017 974 2071 in
1008 2017 1126 2074 illos
1148 2021 1431 2091 praedones
1452 2021 1724 2093 jussisset;

170 2104 227 2162 vi
248 2105 390 2163 victa
410 2106 491 2163 vis
508 2147 523 2171 ‚
547 2107 630 2163 vel
652 2107 826 2179 potius
848 2127 1090 2181 oppressa
1113 2110 1301 2168 virtute
1323 2114 1539 2168 audacia
1560 2132 1717 2172 esset.

171 2198 250 2250 Ita
271 2196 477 2269 quidem
500 2239 516 2262 ,
548 2198 649 2253 nisi
669 2219 730 2253 eo
751 2219 913 2274 usque
956 2201 1097 2258 cives
1139 2204 1404 2260 dilexisset
1426 2225 1548 2261 suos
1571 2248 1585 2271 ‚
1625 2224 1685 2263 ut
1704 2249 1720 2273 ‚

168 2287 214 2342 si
237 2290 700 2363 eorum‘sanguine
740 2291 950 2348 libertas
986 2313 1077 2348 sua
1118 2312 1249 2350 stare
1291 2298 1494 2352 deberet
1531 2341 1546 2364 ,
1587 2321 1718 2354 nun-

168 2398 322 2449 quam
363 2380 632 2434 emendam
671 2398 870 2453 putaret
894 2427 905 2438 .
954 2387 1150 2440 Verum
1194 2388 1237 2442 si
1280 2390 1449 2445 minus
1492 2392 1628 2457 sibi,
1667 2409 1722 2448 at

168 2467 366 2541 Regiae
389 2467 616 2543 Conjugi
640 2512 654 2534 ‚
677 2489 730 2526 at
750 2474 922 2528 Sorori
946 2517 961 2540 ‚
1005 2493 1057 2530 at
1078 2478 1238 2532 Filiae
1260 2521 1274 2544 ,
1297 2500 1557 2554 parvoque
1581 2484 1716 2540 Filio

171 2559 554 2615 consuluisset?
597 2564 739 2617 Idem
776 2564 1005 2641 Conjugi
1029 2609 1044 2632 ,
1081 2569 1218 2624 idem
1261 2573 1434 2626 Sorori
1475 2591 1526 2628 et
1559 2576 1719 2632 Filiae

168 2647 372 2702 animus
395 2691 410 2714 ‚
449 2653 726 2726 eademque
748 2656 883 2728 Regi
917 2660 1204 2715 sententia:
1249 2663 1365 2717 Filii
1407 2682 1577 2721 tantae
1617 2669 1718 2723 vir·

171 2735 269 2796 tuti
302 2736 468 2810 impar
489 2759 624 2799 aetas
647 2764 666 2809 3
707 2763 825 2801 cum
850 2747 1135 2809 adoleverit
1154 2791 1169 2817 ,
1196 2771 1385 2811 veram
1409 2775 1474 2812 ex
1498 2757 1718 2823 Genito-⁴
