2180 3537
1036 367 1105 421 a<
1146 375 1217 432 52
1258 372 1328 424 >gi-¹

401 468 467 523 tis
490 467 764 524 discrimen
801 468 1088 536 invexisti3
1123 473 1212 546 qui
1253 471 1495 527 nimirum
1527 471 1839 529 valentiores
1864 491 1953 528 ne-

398 562 699 634 quioresque
720 604 735 626 ‚
773 562 825 615 hi
846 563 944 617 sibi
967 582 1277 635 potestatem
1309 582 1361 620 et
1386 564 1658 637 imperium
1682 565 1953 623 vindicent

398 671 608 708 necesse
634 670 711 709 est
733 695 744 707 .
788 654 862 708 Hi
901 672 950 710 te
987 656 1232 713 civilibus
1270 658 1543 713 discordiis
1582 658 1954 730 teterrimisque

397 743 547 798 bellis
570 744 894 817 implicantes
918 763 1120 803 tuorum
1144 764 1192 803 te
1213 748 1410 807 civium
1443 750 1693 823 sanguine
1723 765 1777 804 et
1798 752 1956 804 caede

396 836 725 891 macularunt
746 857 762 901 3
784 837 837 891 hi
858 838 1139 893 maximam
1158 840 1356 915 argenti
1378 840 1588 913 aurique
1608 841 1720 898 Vim
1742 861 1809 898 ex
1830 858 1956 897 tem·

391 927 593 998 plorum
617 931 930 987 ornamentis
954 973 968 996 ‚
991 953 1057 987 ex
1078 934 1426 989 Ecclesiarum
1451 934 1696 990 reditibus
1720 976 1734 998 ‚
1758 955 1825 989 ex
1841 937 1953 990 No-

392 1018 574 1074 bilium
607 1023 829 1078 fortunis
857 1023 1104 1096 direptam
1126 1042 1215 1080 aut
1235 1028 1302 1080 ad
1323 1045 1440 1081 suas
1476 1025 1718 1081 libidines
1740 1027 1953 1098 explen-

393 1111 486 1166 das
507 1112 605 1167 sibi
625 1132 1018 1188 congesserunt,
1042 1134 1133 1172 aut
1152 1120 1289 1192 apud
1310 1134 1513 1174 exteras
1532 1134 1709 1192 gentes
1732 1119 1798 1172 ad
1815 1117 1956 1172 exci-

393 1204 573 1258 tandas
610 1205 798 1278 ubique
836 1210 1008 1263 turbas
1033 1210 1345 1282 dissiparunt
1379 1233 1393 1264 :
1430 1211 1524 1265 tibi
1555 1231 1648 1284 pro
1669 1211 1760 1265 illa
1781 1229 1950 1267 rerum

389 1295 622 1350 omnium
653 1338 668 1361 ,
716 1318 875 1369 quam
915 1300 983 1353 ad
1026 1301 1385 1373 decipiendum
1425 1302 1801 1374 pollicebantur
1820 1344 1836 1368 ‚
1868 1303 1949 1356 af-

392 1387 607 1442 fluentia
630 1430 645 1453 ,
669 1377 1055 1447 commeatuum
1073 1392 1305 1465 inopiam
1328 1409 1380 1447 et
1403 1393 1673 1448 caritatem
1698 1435 1712 1458 ,
1735 1413 1828 1465 pro
1851 1413 1948 1448 nu-

390 1497 586 1533 merata
605 1483 825 1552 pecunia
846 1484 961 1539 illas
984 1484 1178 1540 nullius
1200 1486 1349 1558 pretii
1371 1487 1586 1541 schedas
1609 1485 1958 1558 reliquerunt.¹

545 1574 712 1648 Exegi
736 1617 750 1639 ‚
775 1577 1209 1634 BEATISSIME
1237 1579 1482 1634 PATER
1498 1620 1513 1643 ,
1537 1578 1807 1633 funebrem
1832 1578 1950 1632 LV-

387 1663 653 1720 DOVICI
683 1669 835 1722 XVI.
874 1670 1225 1725 laudationem
1250 1692 1262 1724 :
1288 1690 1419 1743 quae
1441 1670 1505 1725 de
1527 1668 1637 1740 ejus
1659 1669 1714 1722 in
1737 1685 1951 1742 gentem

387 1773 534 1810 suam
555 1757 846 1814 universam
868 1761 1213 1815 beneficentia
1234 1805 1249 1823 ‚
1287 1782 1417 1831 quae
1455 1763 1518 1815 de
1550 1759 1845 1815 constantia
1883 1776 1948 1813 ac

385 1850 777 1904 mansuetudine
812 1851 866 1904 in
892 1866 1034 1905 tanta
1055 1851 1410 1906 calamitatum
1450 1866 1604 1923 atque
1640 1848 1945 1920 injuriarum

385 1939 662 1995 acerbitate
700 1943 999 2013 perferenda
1020 1984 1035 2008 ‚
1078 1962 1208 2015 quae
1230 1942 1448 2014 denique
1479 1944 1542 1996 de
1572 1941 1940 1997 honestissima

383 2032 566 2086 mortis
589 2034 760 2088 obitae
782 2052 966 2089 caussa
984 2034 1092 2088 dixi
1114 2077 1128 2098 ‚
1167 2054 1228 2087 ea
1263 2054 1369 2088 non
1391 2034 1550 2087 modo
1572 2035 1794 2106 probata
1835 2051 1948 2088 esse

384 2120 541 2185 Tibi,
583 2125 672 2176 sed
693 2124 904 2196 aliquod
938 2124 1093 2178 etiam
1115 2125 1281 2179 dolori
1313 2141 1404 2179 tuo
1438 2125 1778 2181 lenimentum
1811 2141 1946 2180 attu-

383 2212 505 2268 lisse
528 2215 739 2270 confido
760 2237 772 2270 t
809 2236 939 2288 quae
960 2237 1084 2274 Vero
1116 2218 1179 2271 de
1200 2216 1309 2288 ejus
1331 2217 1700 2289 parricidarum
1724 2216 1945 2272 crudeli-

386 2319 489 2358 tate
512 2348 526 2369 ,
563 2323 713 2378 atque
745 2307 917 2379 impiis
943 2308 1244 2382 religionem
1277 2328 1380 2362 una
1419 2327 1539 2364 cum
1562 2328 1720 2382 regno
1742 2308 1798 2361 in
1817 2308 1945 2361 Gal-

381 2396 453 2450 lia
474 2399 704 2455 funditus
726 2401 987 2457 evertendi
1025 2401 1301 2456 conatibus
1333 2403 1541 2458 locutus
1573 2421 1688 2456 sum
1709 2443 1724 2466 ‚
1766 2421 1826 2455 ea
1859 2399 1939 2471 ju-

384 2488 642 2544 stissimae
665 2493 899 2546 omnium
919 2495 1176 2548 bonorum
1213 2493 1268 2548 in
1301 2494 1584 2549 teterrimos
1609 2511 1712 2548 tam
1733 2494 1941 2547 luctuo-

384 2597 551 2633 sarum
576 2581 997 2638 vicissitudinum
1028 2603 1263 2641 auctores
1295 2585 1643 2661 indignationi
1674 2585 1940 2639 condona-

384 2686 550 2724 turum
587 2673 663 2726 Te
687 2693 796 2728 esse
818 2693 965 2745 spero
989 2718 1000 2729 .
1045 2677 1326 2749 Reliquum
1345 2695 1422 2732 est
1442 2719 1458 2742 ‚
1498 2694 1557 2731 ut
1576 2676 1844 2731 fortissimi
1863 2677 1940 2732 illi

381 2760 616 2832 Europae
658 2764 829 2834 Reges
868 2766 1137 2820 laudentur
1158 2808 1173 2830 ,
1211 2768 1300 2838 qui
1339 2768 1580 2824 maximis
1624 2769 1938 2842 conscriptis

380 2852 690 2910 exercitibus
713 2894 729 2919 ,
776 2855 1248 2931 potentissimisque
1298 2859 1547 2918 classibus
1589 2860 1901 2935 comparatis
1919 2899 1934 2925 ,
