2180 3537
826 419 895 472 ,μμ
939 423 970 481 5
1016 420 1085 473 «ξεν

178 523 290 578 Hac
313 519 451 576 enim
474 518 662 576 virtute
683 517 917 572 homines
939 517 1149 590 propius
1168 519 1427 574 accedunt
1446 521 1729 585 adDeum3

177 634 272 669 nec
298 630 441 667 tanta
467 628 545 666 est
566 609 659 665 ulli
680 609 945 664 hominum
961 650 974 673 ‚
994 628 1186 681 quanta
1207 611 1341 684 Regi
1366 613 1725 667 benefaciendi

175 705 411 759 facultas.
426 705 546 776 Age
566 701 983 773 jam,videamuS,
1004 703 1436 758 BEATISSIME
1458 706 1721 769 PATER,

175 812 426 867 quantum
449 798 573 850 haec
597 795 650 848 in
675 796 1060 851 LVDOVICO
1091 795 1256 852 Virtus
1274 797 1460 851 enituit
1484 819 1499 861 ς
1531 814 1589 852 ut
1606 799 1726 853 inde

177 888 520 942 conficiamus
541 908 692 959 quam
713 886 821 958 jure
838 886 936 940 sibi
950 886 1179 940 Benefici
1199 906 1389 940 nomen
1408 890 1493 944 vel
1512 891 1574 942 ab
1599 889 1728 960 ipsis

177 980 322 1052 regni
346 979 569 1034 exordiis
588 977 948 1050 promeruerit.
974 978 1297 1032 Adolescens
1319 973 1482 1034 annos
1503 999 1606 1032 non
1622 1000 1725 1033 am-

174 1071 312 1142 plius
346 1069 536 1143 viginti
569 1084 717 1123 natus
759 1068 902 1142 regni
939 1070 1166 1124 habenas
1207 1089 1468 1142 capessere
1504 1072 1727 1144 primum

177 1162 381 1233 coepit.
428 1160 481 1214 Si
504 1160 778 1232 quidquam
820 1176 942 1213 tunc
977 1160 1030 1213 in
1065 1180 1265 1215 summa
1302 1181 1468 1216 rerum
1491 1162 1726 1217 omnium

174 1268 426 1324 potestate
442 1251 715 1324 jactantius
729 1294 743 1317 ,
767 1267 855 1305 aut
876 1251 1030 1305 etiarn
1048 1253 1366 1326 arrogantius
1384 1254 1588 1327 egisset,
1609 1254 1727 1325 quis

177 1343 254 1397 illi
273 1344 430 1398 aetati
451 1364 555 1399 non
579 1348 840 1417 parceret?
861 1344 974 1416 quis
998 1364 1101 1398 non
1120 1344 1498 1400 inconsiderate
1520 1347 1691 1418 potius
1707 1388 1723 1412 ‚

175 1455 333 1508 quam
374 1437 588 1509 superbe
626 1435 824 1492 factum
856 1439 1096 1509 putaret?
1134 1436 1300 1508 Atqui
1338 1436 1467 1489 nihil
1502 1437 1555 1490 in
1578 1438 1725 1510 Rege

174 1543 280 1582 tam
323 1530 649 1583 adolescente
690 1547 794 1582 non
835 1529 949 1582 lene
987 1569 1001 1593 ‚
1043 1528 1171 1581 nihil
1212 1546 1320 1581 non
1363 1530 1683 1584 moderatum
1708 1570 1721 1583 .

175 1620 326 1686 Quae
356 1641 510 1694 porro
546 1621 601 1676 in
623 1620 805 1676 edictis
827 1621 929 1676 illis
955 1664 970 1687 ‚
1003 1621 1188 1694 quibus
1213 1621 1355 1695 regni
1379 1622 1589 1676 exordia
1610 1623 1729 1676 illu-

175 1714 394 1779 stravit,
437 1717 630 1771 verba!
678 1734 830 1787 quam
870 1733 975 1768 non
1009 1713 1182 1767 dicam
1222 1713 1400 1771 civilia
1437 1732 1489 1769 et
1509 1715 1725 1786 popula-

174 1804 249 1859 ria
270 1845 286 1870 7
309 1807 400 1861 sed
422 1806 673 1863 benevola
694 1824 851 1878 atque
868 1821 1077 1878 paterna
1100 1809 1112 1858 Ξ
1144 1807 1189 1862 S
1191 1827 1217 1861 e
1233 1808 1285 1860 in
1309 1808 1576 1881 Majorzmz
1599 1826 1722 1862 szto-

174 1916 284 1952 rum
307 1899 494 1952 solium
517 1900 569 1950 in
582 1901 756 1971 primo
779 1882 974 1953 aetatis
997 1895 1130 1970 flore
1156 1898 1414 1953 sublatum
1438 1919 1469 1953 cl
1489 1900 1635 1962 De0;
1660 1900 1727 1955 ab

175 1987 289 2060 ejus
309 2002 473 2044 tamen
496 1988 730 2044 bonitate
749 2008 959 2065 sperare
978 1986 1304 2059 juventutem
1329 2007 1473 2044 suam
1490 1992 1727 2063 yentizmz

173 2079 276 2133 sibi
309 2082 693 2136 commissarum
720 2078 982 2156 felicitati
1023 2082 1379 2154 impedimento
1421 2101 1523 2135 (2012
1550 2079 1674 2157 fore
1710 2103 1726 2135 :

172 2166 451 2242 conflatum
482 2193 516 2228 α
549 2173 664 2226 suis
694 2171 996 2244 Majoribzcs
1027 2191 1119 2229 cles
1150 2175 1373 2229 alienum
1406 2193 1463 2229 Se
1491 2178 1725 2249 suscipe*

173 2279 229 2314 re
252 2280 269 2323 ς
302 2265 437 2316 velle
458 2265 645 2318 civium
669 2283 878 2318 suorum
888 2262 1133 2342 fortunis
1151 2286 1370 2339 parcere
1391 2287 1407 2330 ;
1447 2282 1608 2342 atque
1630 2309 1645 2333 ‚
1667 2282 1725 2322 ut

163 2355 604 2427 pollicitationem
627 2375 708 2411 res
731 2359 1023 2430 comprobet
1048 2398 1062 2420 ,
1084 2361 1240 2433 gravi
1262 2378 1349 2413 eos
1362 2358 1470 2429 jam
1494 2360 1616 2413 ilzcle
1636 2380 1722 2415 ve-¹

174 2446 616 2518 ctlyalz'solzaee1⁴e‚
652 2447 934 2518 majoribus
967 2453 1116 2503 etiam
1140 2454 1432 2504 soluturum
1471 2454 1524 2504 in
1537 2467 1721 2524 poste«

174 2554 283 2593 ‚rum
304 2575 315 2587 .
355 2535 504 2600 Quae
529 2538 919 2594 benevolentiae
957 2556 1008 2594 et
1043 2541 1269 2595 caritatis
1292 2542 1592 2612 plenissima
1612 2564 1725 2601 Ver-

175 2624 243 2676 ba
261 2625 374 2695 quis
408 2644 528 2682 tunc
564 2630 728 2683 bonus
764 2630 962 2685 Galliae
1000 2631 1131 2688 civis
1170 2632 1280 2686 sine
1310 2634 1540 2689 maximo
1565 2636 1727 2691 animi

176 2731 325 2769 motu
346 2718 544 2774 audivit
563 2738 651 2774 aut
673 2722 800 2796 legit
821 2763 835 2787 ‚
874 2724 990 2796 quis
1029 2742 1165 2781 nunc
1190 2723 1300 2780 sine
1324 2726 1469 2783 luctu
1491 2743 1542 2782 et
1562 2729 1732 2806 lacry-

176 2807 278 2863 mis
317 2809 703 2869 reminiscitur?
