2180 3537
823 359 894 412 e&
939 366 1009 424 53
1055 359 1126 412 ³<ss

180 479 290 529 {irio
315 468 605 538 “eodemque
623 464 794 520 studio
816 462 1127 520 inflammati
1151 461 1205 517 in
1229 461 1453 517 Galliam
1475 460 1745 524 feruntur3

182 575 302 618 non„
322 575 380 612 ut
410 557 596 630 optimi
631 557 790 631 Regis
823 576 1173 630 oppressorem
1208 597 1223 621 ,
1266 555 1563 629 Regiaeque
1594 554 1745 608 fami-

185 652 285 707 liae
309 669 608 708 vexatorem
633 652 882 723 populum
910 664 1315 722 persequantur;
1348 647 1433 701 cui
1456 663 1513 701 ut
1536 663 1746 719 parcant

184 761 236 798 et
268 744 427 799 animi
450 744 530 800 sui
555 744 826 799 nobilitate
850 786 869 808 ,>
904 760 955 797 et
975 741 1377 797 mansuetissimi
1409 740 1571 814 Regis
1603 739 1746 794 exci-

186 853 357 890 tantur
393 838 673 908 exemplo;
712 837 803 892 sed
843 853 901 890 ut
938 851 1215 909 augustum
1252 833 1396 908 regni
1439 834 1695 887 Heredem
1728 875 1741 898 9

186 945 385 983 tantam
410 929 550 983 illam
574 930 777 984 Galliae
799 948 941 1001 spem
966 969 986 992 ⁷
1021 926 1284 1001 egregiam
1306 924 1414 997 ejus
1436 927 1708 979 Parentem
1728 964 1744 990 ,

181 1021 609 1092 spectatissimam
648 1021 883 1073 Amitam
904 1060 920 1083 ‚
954 1019 1433 1090 nobilissimamque
1466 1020 1704 1073 Sororem
1730 1059 1743 1083 ,

182 1133 399 1186 quarum
444 1112 719 1166 illustrium
754 1113 1081 1166 Feminarum
1122 1109 1404 1169 virtutibus
1445 1111 1534 1165 diu
1574 1110 1747 1165 Gallia

183 1222 306 1280 eget
338 1223 397 1262 ut
432 1224 714 1270 recreetur,
751 1207 814 1259 ab
846 1203 1156 1258 immanium
1193 1204 1514 1275 praedonum
1548 1203 1745 1268 furore,

180 1297 651 1372 indignissimaque
674 1296 973 1369 captivitate
995 1295 1269 1353 vindicent
1289 1317 1305 1360 ς
1328 1295 1481 1350 bonis
1505 1295 1749 1350 omnibus

184 1391 611 1464 tranquillitatem
636 1433 649 1455 ,
692 1407 841 1448 vetus
862 1389 1062 1443 Galliae
1083 1387 1353 1445 universae
1375 1386 1599 1461 regimen
1625 1428 1639 1451 ,
1663 1407 1752 1443 ve-

176 1500 443 1557 teremque
468 1484 769 1557 religionem
795 1481 1068 1537 restituant
1093 1523 1106 1535 .
1154 1479 1420 1534 Laudandi
1449 1479 1605 1532 etiarn
1630 1494 1752 1533 sunt

180 1576 367 1633 invicti
392 1576 551 1651 Regis
576 1577 778 1630 Fratres
802 1617 817 1641 ‚
854 1595 1076 1648 quorum
1101 1572 1335 1628 consiliis
1357 1572 1751 1644 hortatibusque

179 1669 387 1742 Europa
408 1689 568 1741 prope
600 1669 771 1723 omnis
804 1669 1034 1724 excitata
1072 1685 1150 1723 est
1187 1668 1255 1722 ad
1291 1668 1538 1721 fraternos
1571 1668 1748 1720 hostes

179 1759 495 1835 frangendos
519 1781 535 1824 3
556 1761 844 1834 quibusque
866 1761 995 1816 illud
1016 1761 1070 1814 in
1091 1760 1270 1833 primis
1294 1759 1613 1833 propositum
1637 1773 1743 1823 est,

178 1868 239 1907 ut
257 1894 272 1918 ,
296 1852 520 1908 nefariae
542 1851 911 1924 conjurationis
934 1853 1154 1908 ducibus
1176 1852 1495 1926 profligatis,
1519 1852 1744 1924 reliquos

179 1944 382 2000 Galliae
415 1945 559 2002 cives
582 1966 686 2000 non
710 1962 899 2001 terrore
921 1946 1185 2002 vindictae
1209 1987 1224 2011 ‚
1258 1947 1348 2000 sed
1369 1946 1623 1999 fraternae
1645 1944 1742 1999 cle-

176 2038 403 2095 mentiae
425 2038 717 2093 imitatione
747 2038 876 2113 regii
907 2038 1126 2094 Heredis
1148 2037 1368 2110 imperio
1399 2035 1745 2110 potestatique

177 2128 464 2202 subjiciant
485 2171 498 2185 .

334 2223 574 2278 Maxima
613 2242 738 2282 vero
760 2222 884 2278 Tibi
918 2265 934 2288 ,
972 2222 1408 2277 BEATISSIME
1448 2219 1694 2275 PATER
1729 2233 1748 2283 ,’

177 2316 396 2370 debetur
427 2316 579 2382 laus„
620 2337 772 2389 quem
795 2316 850 2371 in
876 2331 1073 2370 tantam
1107 2315 1251 2390 regni
1281 2315 1409 2369 olim
1433 2311 1745 2369 christianis·

180 2406 301 2464 simi
323 2408 761 2479 perturbationem
784 2408 980 2463 aeterni
1019 2408 1262 2463 Numinis
1300 2405 1637 2465 Providentia
1672 2424 1746 2459 re-

178 2499 441 2564 servavit,
482 2515 543 2553 ut
565 2519 837 2573 corruptae
858 2501 965 2555 illic
992 2500 1257 2556 Ecclesiae
1295 2499 1597 2571 disciplinae
1632 2518 1741 2553 cor-

182 2605 353 2644 rector
389 2631 406 2656 ,
449 2591 819 2648 intermortuae
861 2593 1004 2648 Fidei
1042 2593 1305 2648 restitutor
1352 2592 1684 2666 contingeres
1721 2611 1740 2655 ;

183 2678 357 2751 lapsos
379 2680 434 2735 in
454 2683 679 2739 schisma
700 2684 934 2740 omnium
957 2685 1238 2758 pessimum
1265 2684 1584 2741 Christianos
1606 2683 1745 2738 adhi-

183 2771 307 2828 bitis
331 2771 434 2844 jam
458 2776 764 2832 salutaribus
803 2778 1014 2832 monitis
1038 2820 1053 2842 ‚
1095 2776 1199 2848 jam
1238 2776 1480 2831 fidelibus
1521 2774 1740 2829 admini-

187 2867 305 2924 stris
336 2869 553 2946 erigeres
572 2910 587 2937 ‚
625 2886 817 2930 stantes
854 2870 1187 2929 confirmares
1214 2891 1232 2935 ;
1269 2869 1621 2927 fraudulentas
1648 2886 1740 2928 va-
