<?xml version="1.0" encoding="UTF-8"?>
<!DOCTYPE html PUBLIC "-//W3C//DTD XHTML 1.0 Transitional//EN"
    "http://www.w3.org/TR/xhtml1/DTD/xhtml1-transitional.dtd">
<html xmlns="http://www.w3.org/1999/xhtml" xml:lang="en" lang="en">
 <head>
  <title>
</title>
<meta http-equiv="Content-Type" content="text/html;charset=utf-8" />
  <meta name='ocr-system' content='tesseract 3.04.00' />
  <meta name='ocr-capabilities' content='ocr_page ocr_carea ocr_par ocr_line ocrx_word'/>
</head>
<body>
  <div class='ocr_page' id='page_1' title='image "./infunereludovici00lear_0034.png"; bbox 0 0 2180 3537; ppageno 0'>
   <div class='ocr_carea' id='block_1_1' title="bbox 401 379 1972 2843">
    <p class='ocr_par' dir='ltr' id='par_1_1' title="bbox 1055 379 1350 433">
     <span class='ocr_line' id='line_1_1' title="bbox 1055 379 1350 433; baseline 0 -6"><span class='ocrx_word' id='word_1_1' title='bbox 1055 379 1126 432; x_wconf 45' lang='lat'>4&amp;</span> <span class='ocrx_word' id='word_1_2' title='bbox 1169 383 1239 425; x_wconf 59' lang='grc' dir='ltr'>αἱ</span> <span class='ocrx_word' id='word_1_3' title='bbox 1281 381 1350 433; x_wconf 48' lang='grc' dir='ltr'>η’</span> 
     </span>
    </p>

    <p class='ocr_par' dir='ltr' id='par_1_2' title="bbox 401 480 1972 2843">
     <span class='ocr_line' id='line_1_2' title="bbox 579 480 1969 551; baseline 0 -12"><span class='ocrx_word' id='word_1_4' title='bbox 579 486 686 551; x_wconf 72' lang='lat' dir='ltr'>Iam</span> <span class='ocrx_word' id='word_1_5' title='bbox 708 484 843 539; x_wconf 88' lang='lat' dir='ltr'>unde</span> <span class='ocrx_word' id='word_1_6' title='bbox 867 497 1005 538; x_wconf 84' lang='lat' dir='ltr'>tanta</span> <span class='ocrx_word' id='word_1_7' title='bbox 1025 483 1111 537; x_wconf 88' lang='lat' dir='ltr'>illa</span> <span class='ocrx_word' id='word_1_8' title='bbox 1131 502 1296 537; x_wconf 90' lang='lat' dir='ltr'>rerum</span> <span class='ocrx_word' id='word_1_9' title='bbox 1320 480 1630 539; x_wconf 76' lang='lat' dir='ltr'>conversio?</span> <span class='ocrx_word' id='word_1_10' title='bbox 1673 482 1810 548; x_wconf 83' lang='lat' dir='ltr'>Quis</span> <span class='ocrx_word' id='word_1_11' title='bbox 1849 482 1969 539; x_wconf 90' lang='lat' dir='ltr'>illos</span> 
     </span>
     <span class='ocr_line' id='line_1_3' title="bbox 416 573 1972 647; baseline -0.001 -17"><span class='ocrx_word' id='word_1_12' title='bbox 416 574 743 630; x_wconf 86' lang='lat' dir='ltr'>fidelissimos</span> <span class='ocrx_word' id='word_1_13' title='bbox 766 576 1009 630; x_wconf 86' lang='lat' dir='ltr'>Proceres</span> <span class='ocrx_word' id='word_1_14' title='bbox 1031 614 1045 639; x_wconf 79' lang='grc'>,</span> <span class='ocrx_word' id='word_1_15' title='bbox 1086 574 1201 646; x_wconf 89' lang='lat' dir='ltr'>quis</span> <span class='ocrx_word' id='word_1_16' title='bbox 1228 574 1435 628; x_wconf 88' lang='lat' dir='ltr'>Clerum</span> <span class='ocrx_word' id='word_1_17' title='bbox 1459 573 1797 629; x_wconf 84' lang='lat' dir='ltr'>fortissimum</span> <span class='ocrx_word' id='word_1_18' title='bbox 1820 617 1833 639; x_wconf 80' lang='grc'><em>,</em></span> <span class='ocrx_word' id='word_1_19' title='bbox 1856 574 1972 647; x_wconf 83' lang='lat' dir='ltr'>quis</span> 
     </span>
     <span class='ocr_line' id='line_1_4' title="bbox 417 665 1967 739; baseline 0.001 -20"><span class='ocrx_word' id='word_1_20' title='bbox 417 665 716 721; x_wconf 77' lang='lat' dir='ltr'>Gallicanae</span> <span class='ocrx_word' id='word_1_21' title='bbox 739 665 1037 720; x_wconf 88' lang='lat' dir='ltr'>Nobilitatis</span> <span class='ocrx_word' id='word_1_22' title='bbox 1060 667 1238 719; x_wconf 86' lang='lat' dir='ltr'>florem</span> <span class='ocrx_word' id='word_1_23' title='bbox 1259 667 1322 719; x_wconf 91' lang='lat' dir='ltr'>ab</span> <span class='ocrx_word' id='word_1_24' title='bbox 1344 666 1505 739; x_wconf 85' lang='lat' dir='ltr'>Regis</span> <span class='ocrx_word' id='word_1_25' title='bbox 1541 667 1698 720; x_wconf 88' lang='lat' dir='ltr'>latere</span> <span class='ocrx_word' id='word_1_26' title='bbox 1734 667 1935 725; x_wconf 80' lang='lat' dir='ltr'>divellit</span> <span class='ocrx_word' id='word_1_27' title='bbox 1952 708 1967 732; x_wconf 80' lang='lat'>‚</span> 
     </span>
     <span class='ocr_line' id='line_1_5' title="bbox 412 756 1965 832; baseline 0 -19"><span class='ocrx_word' id='word_1_28' title='bbox 412 758 612 830; x_wconf 79' lang='lat' dir='ltr'>expulit</span> <span class='ocrx_word' id='word_1_29' title='bbox 633 800 648 824; x_wconf 80' lang='grc'>,</span> <span class='ocrx_word' id='word_1_30' title='bbox 685 757 932 831; x_wconf 84' lang='lat' dir='ltr'>relegavit</span> <span class='ocrx_word' id='word_1_31' title='bbox 954 761 973 810; x_wconf 74' lang='grc' dir='ltr'>ἒ</span> <span class='ocrx_word' id='word_1_32' title='bbox 1014 756 1149 822; x_wconf 86' lang='lat' dir='ltr'>Quis</span> <span class='ocrx_word' id='word_1_33' title='bbox 1186 758 1436 828; x_wconf 86' lang='lat' dir='ltr'>populum</span> <span class='ocrx_word' id='word_1_34' title='bbox 1475 757 1623 811; x_wconf 89' lang='lat' dir='ltr'>illum</span> <span class='ocrx_word' id='word_1_35' title='bbox 1664 759 1791 813; x_wconf 89' lang='lat' dir='ltr'>adeo</span> <span class='ocrx_word' id='word_1_36' title='bbox 1825 758 1965 832; x_wconf 85' lang='lat' dir='ltr'>Regi</span> 
     </span>
     <span class='ocr_line' id='line_1_6' title="bbox 412 848 1965 923; baseline -0.001 -19"><span class='ocrx_word' id='word_1_37' title='bbox 412 868 507 904; x_wconf 87' lang='lat' dir='ltr'>suo</span> <span class='ocrx_word' id='word_1_38' title='bbox 528 852 892 923; x_wconf 86' lang='lat' dir='ltr'>obsequentem</span> <span class='ocrx_word' id='word_1_39' title='bbox 915 892 930 915; x_wconf 82' lang='lat'>‚</span> <span class='ocrx_word' id='word_1_40' title='bbox 951 850 1080 904; x_wconf 88' lang='lat' dir='ltr'>adeo</span> <span class='ocrx_word' id='word_1_41' title='bbox 1101 848 1398 906; x_wconf 90' lang='lat' dir='ltr'>devinctum</span> <span class='ocrx_word' id='word_1_42' title='bbox 1421 849 1482 901; x_wconf 92' lang='lat' dir='ltr'>de</span> <span class='ocrx_word' id='word_1_43' title='bbox 1502 849 1664 905; x_wconf 90' lang='lat' dir='ltr'>veteri</span> <span class='ocrx_word' id='word_1_44' title='bbox 1688 849 1776 902; x_wconf 86' lang='lat' dir='ltr'>illa</span> <span class='ocrx_word' id='word_1_45' title='bbox 1798 852 1965 903; x_wconf 87' lang='lat' dir='ltr'>obser-</span> 
     </span>
     <span class='ocr_line' id='line_1_7' title="bbox 410 939 1964 1014; baseline -0.001 -18"><span class='ocrx_word' id='word_1_46' title='bbox 410 940 588 996; x_wconf 87' lang='lat' dir='ltr'>vantia</span> <span class='ocrx_word' id='word_1_47' title='bbox 608 941 878 1014; x_wconf 88' lang='lat' dir='ltr'>studioque</span> <span class='ocrx_word' id='word_1_48' title='bbox 903 940 1114 996; x_wconf 82' lang='lat' dir='ltr'>detrusit</span> <span class='ocrx_word' id='word_1_49' title='bbox 1136 983 1151 1006; x_wconf 83' lang='lat'>‚</span> <span class='ocrx_word' id='word_1_50' title='bbox 1195 940 1421 1011; x_wconf 89' lang='lat' dir='ltr'>corrupit</span> <span class='ocrx_word' id='word_1_51' title='bbox 1443 982 1456 1004; x_wconf 81' lang='lat'>,</span> <span class='ocrx_word' id='word_1_52' title='bbox 1477 939 1786 997; x_wconf 77' lang='lat' dir='ltr'>fascinavit?</span> <span class='ocrx_word' id='word_1_53' title='bbox 1827 940 1964 1006; x_wconf 88' lang='lat' dir='ltr'>Quis</span> 
     </span>
     <span class='ocr_line' id='line_1_8' title="bbox 412 1030 1963 1105; baseline 0 -19"><span class='ocrx_word' id='word_1_54' title='bbox 412 1049 489 1087; x_wconf 84' lang='lat' dir='ltr'>tot</span> <span class='ocrx_word' id='word_1_55' title='bbox 509 1049 769 1105; x_wconf 84' lang='lat' dir='ltr'>tantasque</span> <span class='ocrx_word' id='word_1_56' title='bbox 794 1034 991 1088; x_wconf 90' lang='lat' dir='ltr'>Galliae</span> <span class='ocrx_word' id='word_1_57' title='bbox 1013 1033 1351 1088; x_wconf 73' lang='lat' dir='ltr'>restituendae</span> <span class='ocrx_word' id='word_1_58' title='bbox 1373 1051 1486 1103; x_wconf 87' lang='lat' dir='ltr'>spes</span> <span class='ocrx_word' id='word_1_59' title='bbox 1518 1031 1727 1086; x_wconf 80' lang='lat' dir='ltr'>rescidit</span> <span class='ocrx_word' id='word_1_60' title='bbox 1747 1072 1761 1095; x_wconf 83' lang='lat'><strong>‚</strong></span> <span class='ocrx_word' id='word_1_61' title='bbox 1787 1030 1842 1086; x_wconf 85' lang='lat' dir='ltr'>in</span> <span class='ocrx_word' id='word_1_62' title='bbox 1858 1031 1963 1086; x_wconf 89' lang='lat' dir='ltr'>irri-</span> 
     </span>
     <span class='ocr_line' id='line_1_9' title="bbox 410 1123 1964 1200; baseline -0.001 -23"><span class='ocrx_word' id='word_1_63' title='bbox 410 1141 619 1196; x_wconf 87' lang='lat' dir='ltr'>tumque</span> <span class='ocrx_word' id='word_1_64' title='bbox 640 1126 872 1200; x_wconf 77' lang='lat' dir='ltr'>redegit?</span> <span class='ocrx_word' id='word_1_65' title='bbox 905 1127 1056 1179; x_wconf 34' lang='lat' dir='ltr'>‘Idem</span> <span class='ocrx_word' id='word_1_66' title='bbox 1078 1125 1164 1179; x_wconf 88' lang='lat' dir='ltr'>ille</span> <span class='ocrx_word' id='word_1_67' title='bbox 1182 1165 1196 1188; x_wconf 85' lang='lat'>‚</span> <span class='ocrx_word' id='word_1_68' title='bbox 1215 1144 1366 1196; x_wconf 88' lang='lat' dir='ltr'>quem</span> <span class='ocrx_word' id='word_1_69' title='bbox 1391 1123 1660 1178; x_wconf 80' lang='lat' dir='ltr'>teterrimis</span> <span class='ocrx_word' id='word_1_70' title='bbox 1683 1123 1844 1196; x_wconf 83' lang='lat' dir='ltr'>Regis</span> <span class='ocrx_word' id='word_1_71' title='bbox 1867 1124 1964 1176; x_wconf 92' lang='lat' dir='ltr'>ho-</span> 
     </span>
     <span class='ocr_line' id='line_1_10' title="bbox 407 1214 1963 1286; baseline 0.002 -19"><span class='ocrx_word' id='word_1_72' title='bbox 407 1214 570 1271; x_wconf 84' lang='lat' dir='ltr'>stibus</span> <span class='ocrx_word' id='word_1_73' title='bbox 611 1217 665 1270; x_wconf 92' lang='lat' dir='ltr'>in</span> <span class='ocrx_word' id='word_1_74' title='bbox 704 1217 898 1271; x_wconf 87' lang='lat' dir='ltr'>aerario</span> <span class='ocrx_word' id='word_1_75' title='bbox 941 1217 1348 1271; x_wconf 86' lang='lat' dir='ltr'>administrando</span> <span class='ocrx_word' id='word_1_76' title='bbox 1385 1214 1754 1286; x_wconf 80' lang='lat' dir='ltr'>conjurationis</span> <span class='ocrx_word' id='word_1_77' title='bbox 1792 1217 1963 1270; x_wconf 85' lang='lat' dir='ltr'>facem</span> 
     </span>
     <span class='ocr_line' id='line_1_11' title="bbox 402 1306 1962 1380; baseline 0.003 -22"><span class='ocrx_word' id='word_1_78' title='bbox 402 1306 651 1376; x_wconf 86' lang='lat' dir='ltr'>praeferre</span> <span class='ocrx_word' id='word_1_79' title='bbox 670 1307 893 1364; x_wconf 86' lang='lat' dir='ltr'>vidimus</span> <span class='ocrx_word' id='word_1_80' title='bbox 915 1329 931 1371; x_wconf 76' lang='lat'><em>3</em></span> <span class='ocrx_word' id='word_1_81' title='bbox 971 1308 1059 1380; x_wconf 86' lang='lat' dir='ltr'>qui</span> <span class='ocrx_word' id='word_1_82' title='bbox 1081 1327 1200 1362; x_wconf 90' lang='lat' dir='ltr'>cum</span> <span class='ocrx_word' id='word_1_83' title='bbox 1222 1307 1420 1364; x_wconf 89' lang='lat' dir='ltr'>videret</span> <span class='ocrx_word' id='word_1_84' title='bbox 1439 1306 1492 1360; x_wconf 91' lang='lat' dir='ltr'>in</span> <span class='ocrx_word' id='word_1_85' title='bbox 1517 1322 1656 1361; x_wconf 89' lang='lat' dir='ltr'>tanta</span> <span class='ocrx_word' id='word_1_86' title='bbox 1678 1307 1831 1377; x_wconf 88' lang='lat' dir='ltr'>primi</span> <span class='ocrx_word' id='word_1_87' title='bbox 1850 1348 1863 1371; x_wconf 87' lang='lat'>‚</span> <span class='ocrx_word' id='word_1_88' title='bbox 1888 1327 1962 1362; x_wconf 90' lang='lat' dir='ltr'>se-</span> 
     </span>
     <span class='ocr_line' id='line_1_12' title="bbox 406 1396 1962 1473; baseline 0.001 -23"><span class='ocrx_word' id='word_1_89' title='bbox 406 1398 660 1471; x_wconf 89' lang='lat' dir='ltr'>cundique</span> <span class='ocrx_word' id='word_1_90' title='bbox 689 1399 884 1454; x_wconf 86' lang='lat' dir='ltr'>ordinis</span> <span class='ocrx_word' id='word_1_91' title='bbox 920 1400 1212 1473; x_wconf 86' lang='lat' dir='ltr'>integritate</span> <span class='ocrx_word' id='word_1_92' title='bbox 1235 1441 1249 1463; x_wconf 82' lang='lat'>,</span> <span class='ocrx_word' id='word_1_93' title='bbox 1291 1399 1346 1451; x_wconf 92' lang='lat' dir='ltr'>in</span> <span class='ocrx_word' id='word_1_94' title='bbox 1387 1413 1528 1451; x_wconf 89' lang='lat' dir='ltr'>tanta</span> <span class='ocrx_word' id='word_1_95' title='bbox 1564 1396 1962 1452; x_wconf 86' lang='lat' dir='ltr'>Ecclesiastico-</span> 
     </span>
     <span class='ocr_line' id='line_1_13' title="bbox 402 1489 1964 1563; baseline 0.003 -23"><span class='ocrx_word' id='word_1_96' title='bbox 402 1507 516 1541; x_wconf 82' lang='lat' dir='ltr'>rum</span> <span class='ocrx_word' id='word_1_97' title='bbox 536 1530 550 1553; x_wconf 83' lang='lat'>‚</span> <span class='ocrx_word' id='word_1_98' title='bbox 593 1506 742 1562; x_wconf 90' lang='lat' dir='ltr'>atque</span> <span class='ocrx_word' id='word_1_99' title='bbox 764 1491 1034 1548; x_wconf 88' lang='lat' dir='ltr'>Nobilium</span> <span class='ocrx_word' id='word_1_100' title='bbox 1069 1491 1383 1563; x_wconf 88' lang='lat' dir='ltr'>optimorum</span> <span class='ocrx_word' id='word_1_101' title='bbox 1406 1489 1746 1545; x_wconf 86' lang='lat' dir='ltr'>consensione</span> <span class='ocrx_word' id='word_1_102' title='bbox 1767 1508 1887 1544; x_wconf 87' lang='lat' dir='ltr'>suos</span> <span class='ocrx_word' id='word_1_103' title='bbox 1910 1490 1964 1544; x_wconf 88' lang='lat' dir='ltr'>in</span> 
     </span>
     <span class='ocr_line' id='line_1_14' title="bbox 401 1577 1960 1655; baseline 0.001 -23"><span class='ocrx_word' id='word_1_104' title='bbox 401 1577 602 1653; x_wconf 87' lang='lat' dir='ltr'>Regem</span> <span class='ocrx_word' id='word_1_105' title='bbox 623 1623 637 1645; x_wconf 79' lang='lat'>‚</span> <span class='ocrx_word' id='word_1_106' title='bbox 661 1583 1059 1655; x_wconf 79' lang='lat' dir='ltr'>religionemque</span> <span class='ocrx_word' id='word_1_107' title='bbox 1095 1597 1314 1637; x_wconf 87' lang='lat' dir='ltr'>conatus</span> <span class='ocrx_word' id='word_1_108' title='bbox 1335 1582 1486 1635; x_wconf 83' lang='lat' dir='ltr'>facile</span> <span class='ocrx_word' id='word_1_109' title='bbox 1508 1596 1819 1654; x_wconf 88' lang='lat' dir='ltr'>prostratum</span> <span class='ocrx_word' id='word_1_110' title='bbox 1859 1580 1919 1634; x_wconf 86' lang='lat' dir='ltr'>iri</span> <span class='ocrx_word' id='word_1_111' title='bbox 1944 1623 1960 1646; x_wconf 85' lang='lat'>,</span> 
     </span>
     <span class='ocr_line' id='line_1_15' title="bbox 401 1672 1961 1744; baseline 0.003 -22"><span class='ocrx_word' id='word_1_112' title='bbox 401 1672 649 1741; x_wconf 76' lang='lat' dir='ltr'>postremi</span> <span class='ocrx_word' id='word_1_113' title='bbox 673 1674 883 1731; x_wconf 81' lang='lat' dir='ltr'>Civium</span> <span class='ocrx_word' id='word_1_114' title='bbox 905 1673 1098 1728; x_wconf 86' lang='lat' dir='ltr'>ordinis</span> <span class='ocrx_word' id='word_1_115' title='bbox 1117 1715 1132 1737; x_wconf 81' lang='lat'>‚</span> <span class='ocrx_word' id='word_1_116' title='bbox 1171 1674 1305 1727; x_wconf 91' lang='lat' dir='ltr'>unde</span> <span class='ocrx_word' id='word_1_117' title='bbox 1326 1672 1402 1726; x_wconf 90' lang='lat' dir='ltr'>illi</span> <span class='ocrx_word' id='word_1_118' title='bbox 1424 1674 1592 1744; x_wconf 89' lang='lat' dir='ltr'>plures</span> <span class='ocrx_word' id='word_1_119' title='bbox 1615 1674 1961 1744; x_wconf 85' lang='lat' dir='ltr'>suppetebant</span> 
     </span>
     <span class='ocr_line' id='line_1_16' title="bbox 401 1760 1965 1837; baseline 0.001 -23"><span class='ocrx_word' id='word_1_120' title='bbox 401 1760 628 1830; x_wconf 79' lang='lat' dir='ltr'>ejusdem</span> <span class='ocrx_word' id='word_1_121' title='bbox 650 1766 903 1819; x_wconf 83' lang='lat' dir='ltr'>amentiae</span> <span class='ocrx_word' id='word_1_122' title='bbox 925 1765 1230 1837; x_wconf 85' lang='lat' dir='ltr'>scelerisque</span> <span class='ocrx_word' id='word_1_123' title='bbox 1250 1763 1379 1818; x_wconf 89' lang='lat' dir='ltr'>socii</span> <span class='ocrx_word' id='word_1_124' title='bbox 1402 1807 1416 1829; x_wconf 81' lang='grc'>,</span> <span class='ocrx_word' id='word_1_125' title='bbox 1452 1763 1793 1835; x_wconf 83' lang='lat' dir='ltr'>querimonias</span> <span class='ocrx_word' id='word_1_126' title='bbox 1815 1764 1965 1819; x_wconf 83' lang='lat' dir='ltr'>fove-</span> 
     </span>
     <span class='ocr_line' id='line_1_17' title="bbox 402 1854 1958 1927; baseline 0.003 -24"><span class='ocrx_word' id='word_1_127' title='bbox 402 1869 455 1904; x_wconf 92' lang='lat' dir='ltr'>re</span> <span class='ocrx_word' id='word_1_128' title='bbox 473 1893 487 1915; x_wconf 82' lang='grc'>,</span> <span class='ocrx_word' id='word_1_129' title='bbox 529 1856 728 1909; x_wconf 88' lang='lat' dir='ltr'>studere</span> <span class='ocrx_word' id='word_1_130' title='bbox 749 1856 1052 1920; x_wconf 80' lang='lat' dir='ltr'>ambitioni,</span> <span class='ocrx_word' id='word_1_131' title='bbox 1095 1856 1354 1927; x_wconf 82' lang='lat' dir='ltr'>postulata</span> <span class='ocrx_word' id='word_1_132' title='bbox 1389 1854 1517 1908; x_wconf 89' lang='lat' dir='ltr'>tueri</span> <span class='ocrx_word' id='word_1_133' title='bbox 1555 1855 1728 1926; x_wconf 87' lang='lat' dir='ltr'>coepit</span> <span class='ocrx_word' id='word_1_134' title='bbox 1752 1875 1765 1908; x_wconf 91' lang='lat'><strong>:</strong></span> <span class='ocrx_word' id='word_1_135' title='bbox 1811 1874 1958 1909; x_wconf 88' lang='lat' dir='ltr'>cum-</span> 
     </span>
     <span class='ocr_line' id='line_1_18' title="bbox 401 1947 1959 2018; baseline 0.001 -19"><span class='ocrx_word' id='word_1_136' title='bbox 401 1966 501 2018; x_wconf 86' lang='lat' dir='ltr'>que</span> <span class='ocrx_word' id='word_1_137' title='bbox 524 1967 585 2001; x_wconf 92' lang='lat' dir='ltr'>eo</span> <span class='ocrx_word' id='word_1_138' title='bbox 606 1948 922 2003; x_wconf 86' lang='lat' dir='ltr'>auctoritatis</span> <span class='ocrx_word' id='word_1_139' title='bbox 946 1948 1237 2006; x_wconf 84' lang='lat' dir='ltr'>devenisset</span> <span class='ocrx_word' id='word_1_140' title='bbox 1257 1988 1272 2011; x_wconf 81' lang='lat'><strong><em>‚</em></strong></span> <span class='ocrx_word' id='word_1_141' title='bbox 1314 1964 1372 2001; x_wconf 91' lang='lat' dir='ltr'>ut</span> <span class='ocrx_word' id='word_1_142' title='bbox 1392 1947 1520 2000; x_wconf 86' lang='lat' dir='ltr'>nibil</span> <span class='ocrx_word' id='word_1_143' title='bbox 1542 1949 1604 2000; x_wconf 90' lang='lat' dir='ltr'>ab</span> <span class='ocrx_word' id='word_1_144' title='bbox 1627 1947 1828 2018; x_wconf 87' lang='lat' dir='ltr'>optimo</span> <span class='ocrx_word' id='word_1_145' title='bbox 1857 1947 1959 2000; x_wconf 89' lang='lat' dir='ltr'>Re-</span> 
     </span>
     <span class='ocr_line' id='line_1_19' title="bbox 402 2037 1958 2111; baseline -0.001 -20"><span class='ocrx_word' id='word_1_146' title='bbox 402 2058 469 2110; x_wconf 85' lang='lat' dir='ltr'>ge</span> <span class='ocrx_word' id='word_1_147' title='bbox 492 2039 722 2110; x_wconf 87' lang='lat' dir='ltr'>publicae</span> <span class='ocrx_word' id='word_1_148' title='bbox 743 2038 1006 2094; x_wconf 86' lang='lat' dir='ltr'>felicitatis</span> <span class='ocrx_word' id='word_1_149' title='bbox 1028 2057 1178 2111; x_wconf 86' lang='lat' dir='ltr'>atque</span> <span class='ocrx_word' id='word_1_150' title='bbox 1203 2038 1299 2092; x_wconf 89' lang='lat' dir='ltr'>otii</span> <span class='ocrx_word' id='word_1_151' title='bbox 1330 2037 1501 2110; x_wconf 86' lang='lat' dir='ltr'>specie</span> <span class='ocrx_word' id='word_1_152' title='bbox 1538 2054 1649 2090; x_wconf 89' lang='lat' dir='ltr'>non</span> <span class='ocrx_word' id='word_1_153' title='bbox 1685 2053 1958 2109; x_wconf 79' lang='lat' dir='ltr'>extorque-</span> 
     </span>
     <span class='ocr_line' id='line_1_20' title="bbox 401 2129 1957 2204; baseline 0 -23"><span class='ocrx_word' id='word_1_154' title='bbox 401 2146 479 2182; x_wconf 86' lang='lat' dir='ltr'>ret</span> <span class='ocrx_word' id='word_1_155' title='bbox 500 2170 514 2191; x_wconf 78' lang='lat'>,</span> <span class='ocrx_word' id='word_1_156' title='bbox 556 2130 729 2183; x_wconf 84' lang='lat' dir='ltr'>omnia</span> <span class='ocrx_word' id='word_1_157' title='bbox 749 2150 877 2202; x_wconf 88' lang='lat' dir='ltr'>quae</span> <span class='ocrx_word' id='word_1_158' title='bbox 899 2131 1054 2188; x_wconf 87' lang='lat' dir='ltr'>vellet</span> <span class='ocrx_word' id='word_1_159' title='bbox 1074 2131 1235 2204; x_wconf 84' lang='lat' dir='ltr'>Regis</span> <span class='ocrx_word' id='word_1_160' title='bbox 1268 2129 1481 2184; x_wconf 87' lang='lat' dir='ltr'>nomine</span> <span class='ocrx_word' id='word_1_161' title='bbox 1511 2129 1782 2201; x_wconf 83' lang='lat' dir='ltr'>imperaret</span> <span class='ocrx_word' id='word_1_162' title='bbox 1806 2148 1823 2191; x_wconf 87' lang='lat'>;</span> <span class='ocrx_word' id='word_1_163' title='bbox 1862 2147 1957 2198; x_wconf 88' lang='lat' dir='ltr'>po-</span> 
     </span>
     <span class='ocr_line' id='line_1_21' title="bbox 407 2219 1953 2294; baseline 0.001 -23"><span class='ocrx_word' id='word_1_164' title='bbox 407 2219 503 2272; x_wconf 90' lang='lat' dir='ltr'>tuit</span> <span class='ocrx_word' id='word_1_165' title='bbox 525 2220 766 2276; x_wconf 90' lang='lat' dir='ltr'>nimirum</span> <span class='ocrx_word' id='word_1_166' title='bbox 788 2242 919 2277; x_wconf 88' lang='lat' dir='ltr'>unus</span> <span class='ocrx_word' id='word_1_167' title='bbox 938 2264 952 2287; x_wconf 77' lang='grc'><em>,</em></span> <span class='ocrx_word' id='word_1_168' title='bbox 994 2222 1343 2294; x_wconf 74' lang='lat' dir='ltr'>nequicquam</span> <span class='ocrx_word' id='word_1_169' title='bbox 1361 2221 1762 2293; x_wconf 78' lang='lat' dir='ltr'>repugnantibus</span> <span class='ocrx_word' id='word_1_170' title='bbox 1798 2219 1953 2273; x_wconf 85' lang='lat' dir='ltr'>bonis</span> 
     </span>
     <span class='ocr_line' id='line_1_22' title="bbox 402 2309 1953 2387; baseline 0.001 -25"><span class='ocrx_word' id='word_1_171' title='bbox 402 2311 643 2366; x_wconf 85' lang='lat' dir='ltr'>omnibus</span> <span class='ocrx_word' id='word_1_172' title='bbox 662 2354 676 2376; x_wconf 65' lang='lat'><strong><em>⁷</em></strong></span> <span class='ocrx_word' id='word_1_173' title='bbox 718 2329 912 2369; x_wconf 85' lang='lat' dir='ltr'>veteres</span> <span class='ocrx_word' id='word_1_174' title='bbox 944 2314 1088 2386; x_wconf 89' lang='lat' dir='ltr'>regni</span> <span class='ocrx_word' id='word_1_175' title='bbox 1119 2315 1257 2387; x_wconf 86' lang='lat' dir='ltr'>leges</span> <span class='ocrx_word' id='word_1_176' title='bbox 1296 2311 1611 2384; x_wconf 89' lang='lat' dir='ltr'>perfringere</span> <span class='ocrx_word' id='word_1_177' title='bbox 1633 2351 1647 2375; x_wconf 83' lang='lat'><strong><em>‚</em></strong></span> <span class='ocrx_word' id='word_1_178' title='bbox 1689 2309 1953 2383; x_wconf 87' lang='lat' dir='ltr'>negligere</span> 
     </span>
     <span class='ocr_line' id='line_1_23' title="bbox 402 2401 1946 2476; baseline -0.001 -22"><span class='ocrx_word' id='word_1_179' title='bbox 402 2402 760 2457; x_wconf 81' lang='lat' dir='ltr'>auctoritatem</span> <span class='ocrx_word' id='word_1_180' title='bbox 784 2405 1134 2476; x_wconf 79' lang='lat' dir='ltr'>exemplorum</span> <span class='ocrx_word' id='word_1_181' title='bbox 1157 2446 1172 2469; x_wconf 79' lang='lat'>‚</span> <span class='ocrx_word' id='word_1_182' title='bbox 1214 2422 1382 2459; x_wconf 85' lang='lat' dir='ltr'>rerum</span> <span class='ocrx_word' id='word_1_183' title='bbox 1404 2418 1638 2457; x_wconf 86' lang='lat' dir='ltr'>naturam</span> <span class='ocrx_word' id='word_1_184' title='bbox 1660 2401 1911 2459; x_wconf 87' lang='lat' dir='ltr'>invertere</span> <span class='ocrx_word' id='word_1_185' title='bbox 1931 2442 1946 2464; x_wconf 87' lang='lat'>‚</span> 
     </span>
     <span class='ocr_line' id='line_1_24' title="bbox 402 2493 1952 2567; baseline -0.003 -17"><span class='ocrx_word' id='word_1_186' title='bbox 402 2494 596 2550; x_wconf 81' lang='lat' dir='ltr'>violare</span> <span class='ocrx_word' id='word_1_187' title='bbox 618 2515 817 2550; x_wconf 86' lang='lat' dir='ltr'>sacrum</span> <span class='ocrx_word' id='word_1_188' title='bbox 840 2497 1059 2551; x_wconf 87' lang='lat' dir='ltr'>aliorum</span> <span class='ocrx_word' id='word_1_189' title='bbox 1081 2497 1318 2551; x_wconf 85' lang='lat' dir='ltr'>ordinum</span> <span class='ocrx_word' id='word_1_190' title='bbox 1338 2495 1417 2567; x_wconf 79' lang='lat' dir='ltr'>jus</span> <span class='ocrx_word' id='word_1_191' title='bbox 1439 2516 1456 2559; x_wconf 74' lang='lat'><em>3</em></span> <span class='ocrx_word' id='word_1_192' title='bbox 1497 2494 1698 2549; x_wconf 83' lang='lat' dir='ltr'>efficere</span> <span class='ocrx_word' id='word_1_193' title='bbox 1718 2535 1734 2558; x_wconf 81' lang='lat'><strong>,</strong></span> <span class='ocrx_word' id='word_1_194' title='bbox 1757 2513 1819 2546; x_wconf 89' lang='lat' dir='ltr'>ne</span> <span class='ocrx_word' id='word_1_195' title='bbox 1843 2493 1952 2546; x_wconf 89' lang='lat' dir='ltr'>diu-</span> 
     </span>
     <span class='ocr_line' id='line_1_25' title="bbox 405 2583 1952 2661; baseline 0.001 -25"><span class='ocrx_word' id='word_1_196' title='bbox 405 2583 503 2638; x_wconf 86' lang='lat' dir='ltr'>tius</span> <span class='ocrx_word' id='word_1_197' title='bbox 528 2601 727 2639; x_wconf 82' lang='lat' dir='ltr'>teneam</span> <span class='ocrx_word' id='word_1_198' title='bbox 748 2628 761 2651; x_wconf 85' lang='lat'>‚</span> <span class='ocrx_word' id='word_1_199' title='bbox 801 2605 859 2641; x_wconf 83' lang='lat' dir='ltr'>ut</span> <span class='ocrx_word' id='word_1_200' title='bbox 880 2589 967 2661; x_wconf 89' lang='lat' dir='ltr'>qui</span> <span class='ocrx_word' id='word_1_201' title='bbox 992 2589 1195 2642; x_wconf 88' lang='lat' dir='ltr'>tertium</span> <span class='ocrx_word' id='word_1_202' title='bbox 1234 2588 1445 2645; x_wconf 88' lang='lat' dir='ltr'>Civium</span> <span class='ocrx_word' id='word_1_203' title='bbox 1485 2586 1715 2639; x_wconf 89' lang='lat' dir='ltr'>ordinem</span> <span class='ocrx_word' id='word_1_204' title='bbox 1753 2604 1952 2656; x_wconf 84' lang='lat' dir='ltr'>reprae-</span> 
     </span>
     <span class='ocr_line' id='line_1_26' title="bbox 405 2676 1951 2751; baseline 0.001 -23"><span class='ocrx_word' id='word_1_205' title='bbox 405 2679 647 2731; x_wconf 84' lang='lat' dir='ltr'>sentaturi</span> <span class='ocrx_word' id='word_1_206' title='bbox 670 2697 1011 2734; x_wconf 81' lang='lat' dir='ltr'>convenerant</span> <span class='ocrx_word' id='word_1_207' title='bbox 1032 2722 1046 2744; x_wconf 81' lang='grc'>,</span> <span class='ocrx_word' id='word_1_208' title='bbox 1089 2681 1246 2751; x_wconf 89' lang='lat' dir='ltr'>duplo</span> <span class='ocrx_word' id='word_1_209' title='bbox 1268 2678 1474 2749; x_wconf 86' lang='lat' dir='ltr'>reliquis</span> <span class='ocrx_word' id='word_1_210' title='bbox 1497 2676 1758 2731; x_wconf 87' lang='lat' dir='ltr'>ordinibus</span> <span class='ocrx_word' id='word_1_211' title='bbox 1781 2676 1951 2746; x_wconf 83' lang='lat' dir='ltr'>plures</span> 
     </span>
     <span class='ocr_line' id='line_1_27' title="bbox 403 2766 1951 2843; baseline 0.001 -24"><span class='ocrx_word' id='word_1_212' title='bbox 403 2784 572 2822; x_wconf 84' lang='lat' dir='ltr'>essent</span> <span class='ocrx_word' id='word_1_213' title='bbox 590 2808 601 2822; x_wconf 88' lang='lat'><strong>.</strong></span> <span class='ocrx_word' id='word_1_214' title='bbox 648 2769 693 2822; x_wconf 87' lang='lat' dir='ltr'>O</span> <span class='ocrx_word' id='word_1_215' title='bbox 718 2769 879 2843; x_wconf 82' lang='lat' dir='ltr'>Regis</span> <span class='ocrx_word' id='word_1_216' title='bbox 901 2769 1296 2842; x_wconf 83' lang='lat' dir='ltr'>imprudentiam</span> <span class='ocrx_word' id='word_1_217' title='bbox 1327 2788 1391 2824; x_wconf 88' lang='lat' dir='ltr'>ne</span> <span class='ocrx_word' id='word_1_218' title='bbox 1412 2769 1581 2824; x_wconf 87' lang='lat' dir='ltr'>dicam</span> <span class='ocrx_word' id='word_1_219' title='bbox 1602 2809 1617 2833; x_wconf 78' lang='grc'>,</span> <span class='ocrx_word' id='word_1_220' title='bbox 1658 2788 1723 2823; x_wconf 86' lang='lat' dir='ltr'>an</span> <span class='ocrx_word' id='word_1_221' title='bbox 1743 2766 1951 2822; x_wconf 82' lang='lat' dir='ltr'>fatalem</span> 
     </span>
    </p>
   </div>
  </div>
 </body>
</html>
