2180 3537
800 378 870 431 ἠτὲε
911 382 983 442 49
1024 375 1095 429 ³⁸3⁴

167 479 519 539 memorabilis
554 477 643 533 illa
675 495 733 532 ac
757 495 886 549 pene
909 476 1087 531 divina
1108 475 1267 551 Regis
1290 496 1398 535 vox
1420 519 1435 544 ‚
1469 500 1569 553 qna
1589 483 1727 554 paul-

166 577 219 630 lo
242 591 534 645 antequam
566 585 843 643 augustum
876 568 1043 623 securi
1076 587 1231 642 caput
1265 571 1541 643 subjiceret
1575 590 1727 629 testa-

164 683 247 721 tus
271 681 348 720 est
371 706 385 729 ‚
409 680 461 718 et
481 662 815 717 innocentem
838 680 891 716 se
913 661 1076 726 mori,
1101 680 1153 716 et
1172 663 1235 718 iis
1267 684 1475 735 parcere
1497 709 1513 731 ,
1548 667 1635 738 qui
1660 666 1723 721 si-

163 757 219 811 bi
241 771 462 811 mortem
485 753 847 812 consciverant
870 773 883 806 :
929 773 1082 825 quam
1106 774 1294 813 vocem
1316 757 1403 830 qui
1428 776 1534 810 non
1559 757 1723 811 admi-

163 865 329 913 ratur,
348 848 392 902 is
415 846 542 901 mihi
561 862 651 901 aut
670 845 800 900 nihil
823 844 1090 918 egregium
1109 865 1283 917 sapere
1309 847 1529 912 videtur,
1553 863 1642 902 aut
1662 848 1726 923 de

161 938 503 1011 pulcherrima
538 953 589 991 et
623 936 850 992 maxime
871 938 1029 1011 ardua
1068 938 1390 994 Christianae
1427 939 1726 1013 Religionis

161 1029 352 1088 Virtute
373 1029 512 1085 idem
534 1028 721 1083 sentire
737 1070 752 1094 ‚
766 1047 826 1083 ac
849 1027 1000 1100 impii
1021 1028 1096 1082 illi
1113 1030 1399 1101 parricidae
1417 1047 1690 1085 senserunt
1708 1072 1720 1085 .

320 1124 369 1179 Ο
409 1141 657 1196 magnum
694 1139 816 1179 vere
855 1137 1009 1193 atque
1043 1120 1098 1175 in
1136 1122 1372 1194 patibulo
1417 1121 1664 1192 majorem
1703 1164 1719 1187 ‚

161 1234 317 1287 quam
339 1214 396 1268 in
416 1214 552 1269 solio
572 1215 772 1287 Regem
793 1217 804 1266 Ξ
850 1212 903 1266 in
925 1214 1026 1267 hoc
1050 1214 1189 1268 enim
1212 1230 1358 1268 tuum
1385 1230 1433 1267 te
1456 1233 1618 1289 genus
1642 1234 1724 1269 su-

159 1307 305 1361 stulit
323 1348 338 1371 ‚
381 1306 436 1361 in
457 1306 588 1361 illud
608 1305 772 1362 virtus
793 1304 1012 1360 adduxit
1046 1325 1059 1358 ε
1105 1304 1190 1359 hic
1215 1305 1475 1379 egregiam
1515 1306 1725 1378 Regum

159 1401 522 1455 beneficorum
543 1399 747 1454 laudem
768 1400 981 1471 adeptus
1004 1418 1057 1454 es
1076 1441 1090 1463 ‚
1114 1397 1223 1453 illic
1246 1398 1590 1453 immortalem
1614 1397 1723 1452 for-

158 1491 477 1547 tissimorum
520 1491 843 1547 Christianae
881 1490 1175 1565 Religionis
1211 1492 1539 1546 Athletarum
1578 1511 1724 1546 coro-

157 1601 278 1638 nam
298 1625 309 1637 .
356 1585 404 1640 Ο
426 1601 654 1639 amentes
677 1582 786 1655 ejus
808 1583 1087 1656 parricidas
1109 1587 1120 1636 Ξ
1154 1582 1391 1639 Necastis
1412 1584 1621 1655 quidem
1645 1583 1726 1638 in-

157 1674 330 1732 visum
361 1676 559 1750 Regem
581 1718 594 1740 ,
637 1677 727 1730 sed
760 1695 867 1730 non
907 1691 1073 1731 totum
1106 1676 1366 1731 necastis:
1411 1675 1722 1748 nequivistis

157 1765 296 1820 enim
319 1768 502 1820 eodem
527 1767 733 1819 tumulo
753 1809 768 1830 ,
807 1787 911 1837 quo
934 1788 1122 1839 corpus
1157 1768 1469 1822 contemtim
1492 1768 1686 1824 elatum
1707 1811 1722 1833 ,

156 1876 247 1911 seu
269 1857 443 1929 potius
466 1856 726 1929 abjectum
747 1859 1020 1914 obtexistis
1039 1899 1053 1923 ,
1096 1859 1224 1913 illud
1247 1859 1401 1913 etiam
1425 1858 1533 1929 ejus
1570 1876 1724 1914 testa-

156 1965 388 2005 mentum
411 1952 658 2015 obruere,
700 1951 755 2006 in
786 1970 893 2024 quo
930 1972 1049 2006 eum
1087 1952 1253 2006 adhuc
1292 1951 1445 2008 inviti
1484 1953 1723 2026 agnosci-

159 2042 226 2098 tis
261 2085 277 2106 ,
323 2058 376 2098 et
410 2044 623 2099 cernitis
661 2087 675 2109 ,
718 2061 770 2099 et
809 2044 1025 2098 tenetis.
1071 2043 1226 2108 Quae
1249 2044 1386 2099 enim
1409 2043 1673 2116 pulchrior
1705 2086 1722 2109 ‚

156 2152 288 2205 quae
308 2135 478 2191 Verior
500 2135 802 2209 tantiRegis
824 2134 1018 2209 imag0‚
1043 2155 1195 2206 quam
1216 2155 1347 2207 quae
1369 2135 1422 2188 in
1444 2136 1543 2189 hoc
1571 2151 1723 2190 testa-

155 2243 336 2280 mento
357 2229 421 2281 ab
443 2227 554 2300 ipsa
575 2226 684 2299 ejus
706 2247 862 2282 manu
886 2228 1188 2281 adumbrata
1210 2243 1356 2282 extat
1371 2269 1386 2291 ‚
1427 2226 1726 2300 extabitque

156 2315 213 2370 in
234 2318 374 2374 orbis
398 2336 555 2374 terrae
591 2320 895 2374 memoriam
934 2320 1332 2392 sempiternam?
1373 2320 1550 2385 Quam
1579 2319 1632 2372 in
1662 2339 1727 2373 eo

159 2411 313 2468 vobis
335 2411 423 2465 ille
445 2413 691 2486 indignus
714 2430 923 2486 apparet
947 2417 960 2466 ἔ
1004 2415 1140 2469 Nam
1162 2434 1291 2486 quae
1323 2413 1484 2468 animi
1522 2411 1724 2485 magni-

162 2506 288 2559 tudo
311 2508 323 2558 Ξ
368 2505 457 2577 qui
479 2525 647 2559 rerum
670 2507 1008 2559 humanarum
1048 2522 1374 2577 contemptus
1397 2509 1408 2558 !
1441 2524 1574 2578 quae
1615 2502 1727 2557 reli-

160 2595 283 2668 gio!
328 2617 461 2668 quae
493 2597 547 2651 in
571 2597 899 2652 Catholicam
933 2596 1257 2660 Ecclesiam,
1301 2613 1453 2668 atque
1492 2599 1546 2649 in
1582 2595 1723 2667 prin-

161 2687 334 2759 cipem
370 2691 501 2744 hanc
541 2690 845 2745 Catholicae
880 2689 1143 2744 Ecclesiae
1181 2688 1364 2742 Sedem
1403 2686 1722 2743 reverentia!

163 2779 253 2850 qui
274 2785 447 2835 amor!
492 2783 635 2855 quod
655 2782 881 2838 studium
906 2785 918 2834 l
965 2781 1112 2846 Quid
1133 2799 1255 2839 vero
1277 2780 1344 2833 ad
1374 2777 1481 2850 ejus
1517 2776 1726 2852 integri-¹
