2180 3537
803 379 874 433 45⁴
914 361 988 442 47
1034 375 1121 441 ³4

163 506 266 546 cem
299 485 523 542 doleatis
543 503 736 549 meam,
774 486 861 540 cai
882 502 1016 539 unas
1037 483 1272 559 idemque
1282 478 1512 559 futurus
1548 482 1623 539 sit
1662 483 1741 536 υἱ-

171 594 259 636 tae
281 599 344 635 ac
363 578 592 634 laborum
603 576 775 655 finis?
804 575 911 630 Cur
930 589 1103 632 autem
1125 576 1329 630 diutius
1353 576 1525 631 vivam
1549 575 1600 628 ia
1625 588 1743 629 talz-

171 686 228 728 ta
250 689 415 724 rerum
436 664 719 726 acerbitate
751 670 1265 747 qzzotirliemoriens?
1310 667 1388 723 Ne
1419 686 1614 742 quaeso
1653 686 1742 722 ae-

169 783 463 819 rumnarum
485 778 686 838 tempas
697 778 1045 838 prorogatam
1068 764 1193 818 milii
1230 763 1408 816 velitis
1429 780 1445 824 ;
1483 773 1643 835 atque
1685 777 1744 814 eo

159 858 350 930 potius
371 858 613 930 respicite
631 898 646 921 ,
690 876 797 932 qao
818 858 944 911 mihi
978 857 1124 911 brevi
1164 854 1597 930 commigrandum
1634 867 1714 908 est
1733 894 1744 907 .

170 950 400 1022 Regnum
423 962 506 1002 est
522 989 536 1013 ‚
555 950 700 1024 qil-orl
707 951 1030 1023 proponitur
1047 989 1065 1014 ,
1083 951 1305 1004 caeleste
1324 989 1340 1014 7
1363 961 1530 1002 tatum
1551 988 1565 1012 ‚
1588 960 1751 1002 aeter·

171 1058 289 1093 mim
314 1080 329 1103 ,
353 1059 462 1094 cum
486 1055 686 1095 terreno
710 1043 806 1097 lzoc
827 1056 878 1096 et
887 1037 1047 1115 fluxo
1068 1083 1083 1107 ,
1107 1056 1159 1097 et
1181 1041 1570 1098 calamitatibus
1593 1040 1750 1094 obizo-

174 1134 270 1187 σεῖο
297 1134 706 1188 commutandam
741 1175 755 1187 .
802 1135 944 1208 Ouid
974 1136 1125 1189 vobis
1144 1132 1391 1211 futuram
1424 1134 1499 1187 sit
1528 1133 1700 1187 nescio
1736 1150 1750 1185 τ

171 1227 360 1281 durate
380 1241 549 1282 tamen
565 1268 585 1291 ‚
605 1241 658 1282 et
679 1228 943 1303 quidquid
959 1228 1033 1284 acl
1052 1241 1250 1284 ceteras
1272 1227 1541 1281 molestias
1563 1267 1584 1290 ‚.
1615 1241 1750 1300 quas

162 1319 319 1393 passi
339 1319 591 1374 lzactemts
613 1321 739 1374 estis
758 1359 775 1383 ,
798 1318 1041 1374 accedere
1051 1321 1235 1393 possit
1254 1360 1269 1383 ,
1284 1321 1560 1392 patienter*
1566 1316 1709 1395 ferte
1731 1357 1747 1382 ‚

175 1424 236 1465 ut
255 1412 570 1466 instituistis
587 1453 602 1475 ‚
623 1432 686 1467 ac
704 1409 954 1486 fortiter:
977 1412 1121 1487 qaod
1139 1413 1188 1466 si
1209 1413 1508 1467 melioribus
1525 1452 1545 1475 ‚7
1565 1426 1623 1465 ut
1643 1430 1756 1484 spe·

173 1520 233 1555 ro
261 1543 275 1567 ,
301 1500 448 1578 fatis
471 1504 621 1558 vobis
644 1506 931 1579 aliquando
957 1507 1036 1558 ati
1058 1505 1236 1559 licebit
1254 1545 1271 1569 ,
1310 1525 1418 1560 mea
1443 1505 1569 1560 llaec
1590 1501 1760 1580 infor·

177 1598 326 1652 timia
349 1616 450 1650 non
474 1597 547 1652 ad
568 1598 918 1653 ulciscendam
939 1638 955 1662 ‚
997 1597 1095 1651 sed
1112 1597 1186 1652 arl
1217 1616 1384 1651 reram
1424 1597 1762 1652 humanarum

177 1689 515 1743 mobilitatem
540 1690 1058 1752 considerandmn,0t2
1082 1694 1264 1744 oculos
1304 1690 1454 1744 vobis
1483 1690 1730 1763 ponitote
1748 1729 1760 1742 .

179 1780 362 1851 Atque
382 1780 505 1833 haec
529 1779 619 1832 ille
641 1799 762 1832 cum
786 1780 981 1833 diceret
1001 1820 1016 1844 ‚
1057 1801 1163 1851 quo
1185 1780 1414 1835 firmiore
1435 1780 1597 1835 animi
1636 1798 1765 1835 cou—

181 1871 377 1927 stantia
394 1911 409 1935 ‚
432 1886 584 1942 atque
603 1869 708 1924 oris
732 1869 988 1924 hilaritate
1012 1870 1221 1925 dicebat
1237 1913 1252 1936 ‚
1273 1890 1336 1925 eo
1358 1871 1629 1928 carissima
1651 1870 1762 1943 ejus

183 1963 408 2037 pignora
444 1962 642 2017 acriore
664 1962 728 2017 ab
753 1982 816 2016 eo
838 1962 1018 2016 dolore
1041 1963 1421 2020 divellebantur
1440 2006 1458 2019 .
1497 1966 1599 2019 Sed
1631 1985 1660 2018 a
1683 1984 1766 2019 ca-

186 2055 426 2112 stissimis
453 2056 662 2110 tandem
686 2055 1012 2127 amplexibus
1034 2056 1329 2127 osculisque
1369 2057 1548 2115 divelli
1581 2056 1724 2128 jubet
1749 2076 1765 2111 ε

187 2148 356 2221 iisque
396 2148 477 2204 sui
521 2147 710 2202 iterum
749 2147 953 2205 visendi
997 2146 1456 2219 conveniendique
1496 2149 1703 2220 copiam
1743 2189 1758 2213 ‚

189 2261 345 2317 quam
367 2240 821 2299 vehementissime
854 2239 1206 2313 expetierant,
1251 2239 1348 2294 etsi
1389 2241 1640 2314 denegare
1676 2239 1759 2296 vi-

196 2353 284 2390 sus
322 2353 431 2388 non
465 2348 545 2389 est
579 2376 594 2400 ‚
637 2351 810 2388 tamen
846 2353 952 2387 uon
990 2331 1118 2388 fecit
1143 2353 1157 2386 ε
1201 2352 1267 2387 ne
1302 2333 1547 2387 nimirum
1588 2353 1768 2387 eorum

192 2427 347 2504 sdolor
367 2428 434 2481 ob
454 2427 673 2482 extremi
713 2426 913 2482 dissidii
951 2425 1284 2480 acerbitatem
1327 2425 1712 2479 recrudesceret
1747 2465 1762 2487 ,

202 2538 428 2593 suusque
449 2540 479 2574 a
502 2519 713 2574 terrenis
738 2520 886 2575 rebus
907 2517 1012 2590 jam
1034 2518 1245 2575 avulsus
1267 2519 1333 2571 ad
1362 2518 1584 2571 humana
1612 2532 1767 2570 retra-

204 2613 405 2667 heretur
424 2612 628 2667 animus
651 2654 666 2678 ‚
709 2629 761 2666 et
781 2611 1099 2666 maritalibus
1122 2611 1308 2666 iterum
1330 2608 1654 2683 paternisque
1684 2608 1761 2662 af-

208 2703 433 2760 lectibus
457 2725 547 2759 cor
568 2707 685 2761 Deo
711 2706 919 2778 plenum
947 2721 1237 2778 tangeretur
1256 2745 1268 2758 .

350 2796 558 2856 Medias
587 2818 749 2874 usque
770 2800 836 2854 ad
856 2796 1172 2871 supplicium
1195 2798 1344 2852 horas
1367 2793 1476 2851 siue
1499 2792 1606 2850 ulla
1632 2788 1773 2848 solli-

1189 2889 1226 2945 d
1262 2904 1300 2959 4
