2180 3537
823 349 1124 412 &31³3ss

193 456 427 513 nuissent
469 455 686 510 consilia
723 454 1088 527 parricidarum
1132 451 1362 517 ;Gauia
1399 467 1600 515 staret,
1642 469 1744 508 sta-

194 566 271 603 ret
291 548 344 601 in
371 547 542 600 Gallia
564 547 774 620 Religio
800 587 811 599 .
838 547 1000 600 Suum
1029 562 1135 600 erat
1157 545 1352 609 conari,
1376 546 1620 617 perficere
1640 545 1744 599 for-

197 655 350 694 tunae
390 659 403 693 :
447 639 588 711 quod
627 659 789 693 unum
827 637 1081 710 praestitit
1129 657 1359 692 summae
1393 636 1501 708 ejus
1538 638 1746 693 Virtutis

194 732 294 786 fuit
329 773 344 796 ‚
385 733 526 803 quod
560 732 777 786 alterum
817 731 1066 803 consequi
1099 750 1206 784 non
1244 731 1414 802 potuit
1445 731 1615 786 fatalis
1654 751 1747 785 cu-

194 822 395 896 jusdam
429 825 736 879 calamitatis
759 866 771 878 .
817 826 996 895 Neque
1018 843 1142 879 vero
1168 823 1222 875 in
1246 823 1422 895 fugam
1445 842 1498 877 se
1521 822 1749 894 conjecit

195 915 552 970 concitaturus
601 917 836 987 Europae
873 917 1046 987 Reges
1086 930 1266 968 contra
1301 915 1450 968 illum
1498 934 1621 969 suae
1659 934 1749 969 au-

196 1007 449 1062 ctoritatis
489 1025 769 1079 ereptorem
814 1024 1130 1061 conventum
1167 1048 1181 1069 .,
1230 1007 1586 1080 exercitusque
1627 1027 1748 1063 con-

196 1117 448 1154 tracturus
491 1142 505 1164 ‚
545 1100 734 1171 quibus
771 1101 940 1154 illatas
982 1100 1154 1173 regiae
1193 1098 1445 1171 majestati
1486 1120 1751 1173 perseque-

196 1209 333 1245 retur
355 1191 563 1262 injurias
588 1234 598 1245 .
627 1194 801 1258 Quam
835 1191 942 1264 ejus
980 1192 1285 1247 carnificum
1311 1192 1628 1247 calumniam
1652 1192 1749 1247 etsi

195 1282 322 1336 mite
343 1284 504 1357 Regis
543 1284 812 1358 ingenium
837 1327 852 1349 ,
893 1285 1218 1358 maximeque
1239 1306 1270 1338 a
1293 1286 1448 1339 caede
1472 1303 1522 1338 et
1543 1285 1749 1359 sangui-

194 1394 261 1430 ne
296 1376 521 1431 alienum
550 1379 676 1432 satis
707 1399 812 1433 non
847 1379 1140 1440 refelleret;
1173 1398 1232 1432 ea
1263 1398 1469 1450 prorsus
1507 1381 1749 1432 obterunt

194 1484 350 1538 atque
389 1471 719 1523 contundunt
756 1512 772 1534 ‚
812 1490 941 1542 quae
983 1487 1281 1525 constanter
1308 1470 1451 1543 egit,
1485 1486 1544 1523 ut
1574 1470 1751 1523 formi-

194 1560 438 1615 dolosum
465 1604 479 1627 ‚
522 1562 668 1633 quod
694 1582 756 1616 eo
778 1562 1020 1634 deinceps
1052 1562 1223 1619 invito
1259 1562 1450 1617 exarsit
1482 1604 1496 1627 ,
1538 1582 1568 1615 a
1590 1562 1754 1634 patria

196 1654 390 1708 bellum
415 1672 743 1711 amoveretur
762 1696 775 1708 .
815 1653 1039 1723 Quoties
1072 1653 1210 1708 enim
1232 1654 1405 1708 oblata
1426 1655 1491 1707 ab
1514 1654 1629 1709 aliis
1648 1655 1754 1709 Re-

194 1746 346 1819 gibus
370 1747 563 1800 auxilia
599 1747 858 1803 recusavit
879 1751 898 1800 9
940 1746 1166 1811 Quoties
1189 1745 1376 1819 justam
1398 1747 1755 1802 Romanorum

199 1839 527 1910 Imperatoris
550 1881 564 1903 ,
597 1839 794 1894 Uxoris
816 1859 936 1894 suae
958 1839 1148 1893 Fratris
1171 1880 1186 1903 ‚
1219 1839 1349 1892 iram
1389 1838 1713 1909 compescuit
1736 1841 1756 1891 ἓ

198 1929 423 1996 Quoties
459 1931 841 1985 foederatorum
864 1930 919 1983 in
944 1929 1169 1984 Galliam
1207 1928 1512 2001 Principum
1535 1927 1758 1983 consilia

200 2021 406 2077 distulit
428 2064 443 2086 ,
476 2042 617 2077 arma
641 2022 902 2077 continuit
924 2027 944 2077 ἓ

359 2115 421 2167 In
444 2133 494 2167 re
519 2129 622 2166 tam
645 2113 782 2167 clara
808 2154 824 2177 ,
866 2129 973 2166 tam
1015 2110 1246 2174 recenti,
1287 2126 1389 2165 tam
1427 2125 1554 2164 nota
1587 2109 1756 2166 omni-

200 2205 297 2262 bus
331 2225 768 2278 supervacaneum
804 2222 881 2260 est
911 2204 1171 2260 immorari
1206 2224 1218 2258 ε
1255 2204 1538 2276 loquuntur
1558 2204 1758 2259 litterae

200 2303 265 2355 ab
301 2320 363 2354 eo
385 2298 589 2371 saepius
623 2299 769 2353 datae
791 2340 807 2363 ‚
847 2298 1128 2370 loquuntur
1159 2297 1317 2372 legati
1351 2296 1554 2368 saepius
1577 2296 1757 2360 missi3

204 2392 488 2462 loquuntur
523 2391 694 2462 Reges
719 2432 733 2454 ‚
768 2410 986 2461 quorum
1019 2409 1159 2444 nunc
1200 2389 1354 2444 armis
1379 2388 1552 2442 Gallia
1572 2389 1758 2461 premi-

207 2500 329 2546 tur3
368 2482 458 2553 qui
494 2483 856 2536 LVDOV1C1
899 2481 1132 2536 consiliis
1160 2481 1549 2553 hortatibusque
1588 2480 1758 2552 pacati

205 2574 590 2646 acquievissent
613 2615 627 2638 ‚
663 2593 756 2628 nec
784 2574 1001 2628 turbidis
1024 2594 1078 2629 se
1102 2574 1304 2628 Galliae
1334 2577 1483 2628 rebus
1505 2571 1759 2645 implicari

209 2683 438 2735 unquam
461 2667 596 2739 passi
619 2683 789 2721 essent
812 2708 827 2730 ,
868 2682 926 2720 ut
962 2666 1017 2719 in
1053 2667 1158 2721 suis
1194 2665 1296 2720 illis
1321 2665 1444 2720 belli
1477 2664 1759 2718 denuncia-
1820 2731 1828 2736 x

212 2757 441 2814 tionibus
476 2761 647 2832 palam
677 2759 847 2816 testati
868 2776 990 2816 sunt
1010 2801 1026 2825 ‚
1069 2759 1170 2814 nisi
1192 2778 1415 2818 vesanus
1447 2758 1534 2814 ille
1558 2757 1760 2812 Galliae

1073 2872 1094 2899 Β
1135 2867 1160 2913 4
