2180 3537
1137 345 1208 398 ÷>e
1251 334 1284 390 8
1327 348 1396 400 gr

483 459 820 515 prosequatur
841 443 1005 499 oratio
1028 466 1138 501 mea
1162 490 1176 512 ,
1213 450 1583 507 malevolorum
1604 450 1870 507 hominum
1894 455 2031 513 invi-

482 535 596 589 diae
635 554 872 590 occurrat
893 579 908 602 ,
946 538 1034 609 qui
1077 541 1142 593 ad
1184 556 1376 596 tantam
1416 543 1618 596 laudem
1654 547 2029 600 extenuandam

479 625 589 696 ejus
614 648 813 681 morum
837 629 1181 695 suavitatem,
1216 648 1268 685 et
1303 633 1530 687 flexilem
1571 633 1625 687 in
1664 652 1819 688 omne
1856 635 2030 689 indul—

477 719 683 791 gentiae
712 739 875 792 genus
902 736 1136 774 naturam
1174 721 1230 774 in
1271 724 1542 794 quemdam
1572 724 1731 777 animi
1770 742 2024 797 torporem

476 825 628 880 atque
667 809 864 884 ingenii
909 811 1321 880 imbecillitatem
1362 815 1662 886 detorquent
1700 857 1712 869 .
1767 817 1931 882 Quod
1968 835 2026 872 ut

473 901 748 955 ostendam
768 922 919 974 quam
941 905 1189 958 maledice
1211 921 1262 958 et
1282 904 1466 975 injuria
1478 907 1865 964 LVDOVICO
1892 909 2022 980 obji-

475 992 644 1046 ciatur
665 1034 680 1057 ,
721 1012 825 1046 non
856 995 922 1051 ad
954 994 1158 1049 dicendi
1198 996 1420 1050 artificia
1457 1012 1609 1071 atque
1635 998 1882 1055 orationis
1912 1001 2024 1074 pig-

473 1103 648 1139 menta
671 1085 970 1159 confugiam
993 1129 1008 1152 ‚
1052 1108 1215 1160 neque
1235 1089 1290 1142 in
1310 1090 1847 1162 argumentationibus
1873 1111 2022 1163 quae-

473 1178 643 1232 rendis
684 1219 700 1241 ,
742 1195 831 1231 aut
873 1177 1183 1250 conjecturis
1222 1179 1484 1251 capiendis
1521 1179 1832 1233 immorabor
1870 1221 1885 1245 ,
1930 1183 2019 1238 ubi

472 1269 852 1324 dubitationem
875 1290 1081 1324 omnem
1103 1271 1351 1343 praecidit
1390 1271 1611 1342 simplex
1641 1289 1815 1324 earum
1852 1292 2017 1327 rerum

472 1362 906 1416 commemoratio
928 1403 943 1426 ,
977 1382 1108 1435 quae
1131 1362 1317 1418 nostris
1338 1362 1479 1417 hisce
1503 1361 1814 1432 temporibus
1837 1378 2016 1435 gestae

475 1468 636 1508 sunt.

630 1547 696 1601 Et
717 1567 837 1602 sane
858 1569 986 1620 quae
1009 1548 1108 1604 nisi
1135 1548 1323 1604 eximia
1345 1565 1403 1605 ac
1425 1564 1682 1622 praestans
1720 1564 1900 1602 natura
1921 1568 2014 1620 po-

470 1639 651 1693 tuisset
674 1656 775 1693 tam
800 1642 955 1694 ardua
979 1643 1156 1696 conari
1192 1658 1342 1714 atque
1366 1643 1624 1697 conficere
1658 1646 1678 1695 ἓ
1717 1642 1886 1695 Vetus
1923 1642 2014 1694 ille

470 1732 766 1786 Gallicanae
787 1732 956 1805 gentis
989 1735 1227 1804 splendor
1250 1775 1264 1798 ‚
1303 1733 1391 1805 qui
1429 1752 1517 1804 per
1540 1749 1705 1787 totum
1734 1731 1838 1785 fere
1864 1748 2017 1785 terra-

466 1842 579 1876 rum
604 1827 776 1878 orbem
799 1825 872 1879 ita
891 1825 1224 1889 inclaruerat,
1247 1841 1306 1878 ut
1327 1824 1538 1877 aliarum
1562 1821 1802 1896 gentium
1828 1823 2014 1877 oculos

463 1915 858 1988 perstringeret,
899 1914 1002 1986 jam
1040 1918 1106 1970 ab
1144 1916 1344 1986 aliquot
1372 1915 1507 1967 inde-
1527 1914 1675 1968 annis
1709 1914 1970 1967 obscurari
2000 1952 2015 1975 ,

466 2024 589 2059 cum
629 2008 693 2059 ad
729 2007 876 2080 regni
915 2008 1263 2079 gubernacula
1300 2006 1724 2060 LVDOVICVS
1767 2005 2008 2059 admotus

468 2113 547 2150 est
568 2137 583 2161 ,
607 2116 665 2150 ac
688 2097 905 2168 pristina
927 2098 1016 2151 illa
1037 2098 1225 2155 virium
1249 2100 1378 2152 adeo
1400 2097 1581 2152 ceteris
1602 2098 1833 2169 Europae
1850 2096 2010 2168 Regi-

444 2190 561 2242 bus
583 2188 863 2242 formidata
883 2189 1190 2260 praestantia
1212 2189 1402 2243 sensim
1424 2187 1664 2242 imminui
1698 2207 1758 2241 ac
1781 2186 2006 2239 declina-

468 2298 521 2332 re
543 2296 818 2351 coeperat;
852 2280 936 2337 vel
959 2281 1098 2352 quod
1119 2281 1307 2333 bellum
1348 2278 1468 2332 anni
1490 2279 1778 2335 MDCCLVI.
1800 2319 1815 2341 ,
1855 2275 2003 2347 cujus

462 2369 558 2423 etsi
576 2388 814 2440 prospera
829 2370 977 2424 initia
996 2412 1011 2434 ‚
1034 2370 1378 2424 infortunatus
1399 2387 1570 2423 tamen
1594 2369 1761 2422 exitus
1779 2369 2004 2440 aliquan-

461 2476 572 2513 tum
596 2460 765 2533 gentis
801 2461 1002 2515 animos
1023 2461 1270 2514 hebetarit
1288 2502 1304 2524 ‚
1347 2479 1630 2531 nervosque
1653 2458 1844 2512 eliserit
1868 2479 1882 2521 3
1915 2460 2002 2514 Vei

462 2553 603 2621 quod
624 2571 683 2603 ea
701 2568 778 2605 est
799 2571 964 2605 rerum
986 2552 1218 2607 omnium
1250 2553 1590 2605 humanarum
1629 2565 1812 2602 natura
1849 2566 2002 2619 atque

458 2642 660 2697 indoles
681 2683 697 2707 7
732 2659 790 2696 ut
812 2662 928 2697 cum
951 2646 1016 2696 ad
1040 2660 1327 2698 extremum
1359 2641 1549 2713 aliquid
1578 2682 1592 2705 ,
1633 2661 1736 2712 quo
1764 2640 1890 2692 nihil
1913 2659 2001 2694 su·-

458 2752 552 2805 pra
572 2752 681 2789 esse
704 2733 934 2792 videatur
953 2774 971 2800 2
1015 2735 1266 2789 adductae
1288 2749 1407 2789 sunt
1428 2773 1443 2798 2
1471 2749 1559 2788 aut
1579 2733 1862 2805 paullulum
1882 2732 2002 2786 hae·
