2180 3537
1006 390 1076 442 4&
1122 398 1192 454 30
1234 389 1304 442 ἤϊ’

385 511 461 550 tas
485 536 498 560 ‚
532 509 593 547 'et
628 489 789 546 animi
828 489 900 544 tui
935 488 1235 564 magnitudo
1271 486 1563 559 postulabat
1585 527 1598 550 ‚
1630 484 1918 558 exciperes.

542 586 602 637 ln
641 586 738 637 hoc
778 581 1064 635 miserrimo
1111 600 1275 633 rerum
1315 595 1453 633 statu
1491 620 1506 643 ‚
1551 597 1671 632 cum
1713 577 1925 632 famosis

379 677 569 748 ubique
593 675 792 730 Civitas
824 672 1010 725 libellis
1045 672 1349 724 redundaret
1370 711 1384 734 ,
1424 669 1658 723 omniurn
1691 687 1837 722 aures
1859 669 1925 721 ab

376 766 734 840 impurissimis
758 762 1184 818 declamatoribus
1206 761 1542 833 fatigarentur
1563 801 1578 824 ‚
1602 759 1781 813 omnia
1802 778 1925 831 que-

376 858 610 914 rimoniis
650 900 664 923 ‚
710 855 1023 910 clamoribus
1061 894 1078 918 ,
1121 852 1275 906 minis
1309 867 1640 924 personarent
1680 892 1695 915 ‚
1749 851 1926 904 omnia

376 951 733 1005 imminentem
768 949 930 1021 Regis
965 948 1175 1001 caedem
1210 943 1615 1016 portenderent;
1657 943 1700 998 si
1729 941 1926 997 alicubi

374 1044 491 1098 Rex
527 1041 968 1097 mansuetissimus
993 1037 1320 1094 serviendum
1363 1035 1581 1107 tempori
1623 1033 1776 1103 duxit
1817 1075 1832 1098 ,
1881 1033 1926 1088 si

372 1156 493 1190 cum
530 1133 833 1188 turbulentis
879 1132 1080 1185 illarum
1121 1129 1345 1202 pestium
1380 1127 1700 1181 factionibus
1745 1126 1926 1181 mitius

370 1245 519 1299 agere
541 1245 600 1278 ac
625 1224 904 1280 connivere
938 1223 1081 1281 visus
1119 1239 1232 1286 est,
1275 1221 1319 1276 si
1357 1220 1576 1291 denique
1616 1219 1827 1276 civilem
1867 1218 1925 1272 il-

369 1320 471 1370 lam
496 1316 632 1370 Cleri
668 1314 1094 1369 constitutionem
1136 1312 1438 1366 Catholicae
1476 1311 1741 1365 Ecclesiae
1779 1331 1926 1384 regu-

371 1408 436 1461 lis
471 1425 624 1479 atque
660 1406 954 1460 auctoritati
996 1406 1350 1461 adversantem
1393 1403 1569 1458 sanxit
1611 1423 1628 1467 3
1670 1421 1778 1457 non
1820 1419 1927 1458 tam

367 1499 808 1570 reprehendendus
830 1499 970 1570 quod
995 1498 1188 1570 aliquid
1227 1499 1288 1552 de
1320 1497 1460 1570 regia
1493 1496 1737 1550 firmitate
1773 1512 1927 1567 atque

367 1592 507 1648 avita
538 1591 787 1664 religione
822 1590 1075 1645 remiserit
1114 1631 1129 1654 ,
1181 1609 1336 1662 quam
1385 1590 1525 1660 quod
1568 1588 1765 1644 invitus
1803 1607 1927 1642 coa-

366 1701 581 1755 ctusque
615 1682 863 1736 remiserit
904 1681 1231 1736 excusandus
1275 1722 1287 1733 .
1332 1679 1584 1751 Equidem
1627 1679 1797 1733 sentio
1822 1720 1836 1743 ‚
1880 1678 1926 1733 si

367 1795 512 1829 suam
547 1774 698 1828 unius
736 1775 952 1829 salutem
976 1773 1029 1825 in
1053 1771 1334 1826 discrimen
1361 1771 1642 1823 adductum
1666 1769 1725 1822 iri
1749 1787 1925 1841 putas-

366 1884 444 1922 set
462 1909 476 1931 ,
516 1887 775 1939 nunquam
798 1865 971 1937 impiis
994 1864 1097 1918 illis
1122 1862 1338 1917 decretis
1368 1861 1775 1932 subscripturum
1798 1861 1927 1916 suis-

366 1979 422 2014 se
448 1982 459 2013 :
503 1959 630 2014 alias
661 1959 748 2013 ille
770 1957 1034 2031 prospexit
1054 1957 1230 2010 animo
1254 1955 1507 2027 procellas
1531 1995 1546 2018 ,
1584 1953 1697 2006 aliis
1725 1953 1926 2026 impen*

365 2051 604 2106 dentibus
627 2051 1016 2123 tempestatibus
1041 2048 1197 2103 cessit
1222 2089 1233 2101 .
1275 2048 1382 2100 Tot
1403 2046 1554 2101 bonis
1578 2044 1782 2103 civibus
1806 2087 1820 2110 ,
1847 2061 1925 2099 tot

366 2144 608 2199 fidelibus
645 2143 805 2201 servis
828 2185 842 2208 ,
883 2141 1079 2216 Regiae
1111 2139 1337 2194 familiae
1366 2137 1637 2196 universae
1660 2179 1675 2202 ‚
1716 2136 1811 2191 toti
1835 2137 1924 2190 ille

369 2236 570 2290 Galliae
594 2236 807 2290 timebat
833 2257 846 2289 :
879 2255 982 2307 quo
1005 2233 1144 2287 enim
1165 2252 1228 2285 eo
1251 2246 1515 2285 recusante
1538 2248 1642 2283 non
1664 2226 1923 2299 prorupis-

368 2344 448 2383 set
469 2369 484 2391 ‚
527 2327 673 2398 cujus
701 2327 857 2399 capiti
884 2325 1195 2399 pepercisset
1227 2339 1399 2377 tantae
1422 2318 1819 2392 conspirationis
1841 2316 1922 2370 in-

367 2420 509 2474 sania
531 2424 550 2473 {³
591 2423 711 2475 Non
733 2419 891 2493 igitur
913 2416 1243 2473 desideranda
1274 2414 1330 2467 in
1352 2432 1416 2466 eo
1450 2410 1667 2466 firmitas
1690 2450 1706 2473 ,
1747 2408 1837 2463 sed
1859 2407 1923 2462 li-

367 2514 535 2568 bertas
559 2513 656 2567 fuit
679 2555 689 2566 .
715 2515 893 2585 Atque
912 2511 1111 2565 utinam
1135 2523 1341 2563 catenas
1363 2505 1492 2568 illam,
1517 2502 1704 2575 quibus
1726 2499 1922 2558 vincie-

370 2606 519 2658 batur
539 2647 554 2669 ‚
595 2607 802 2659 tandem
826 2605 1059 2676 frangere
1081 2643 1096 2666 ,
1139 2616 1288 2672 atque
1319 2617 1384 2652 ex
1407 2611 1547 2659 tanta
1579 2590 1920 2649 conversione

372 2711 425 2749 et
445 2697 822 2767 perturbatione
852 2714 1018 2749 rerum
1039 2692 1273 2746 omnium
1296 2689 1507 2746 evadere
1528 2684 1783 2758 potuisset
1805 2687 1817 2736 l
1843 2683 1920 2737 Ea
1981 2700 1987 2705 ·

375 2792 605 2865 profecto
627 2801 955 2851 revocasset,
997 2784 1178 2858 quibus
1201 2781 1397 2840 invitus
1435 2777 1919 2852 subscripsit3eva·
