2180 3537
818 361 888 414 ᾲὲε
932 365 1007 424 45
1049 360 1122 413 ὶέψ

178 467 371 522 tionem
392 462 753 520 suffocandam
777 465 916 520 sicae
941 486 955 520 ε
995 464 1276 527 nunciatur
1294 506 1308 530 ‚
1346 463 1596 541 cujusque
1626 486 1738 523 sen-

175 559 390 613 tentiam
421 555 672 629 scriptum
690 597 705 622 ‚
748 573 799 611 et
819 557 874 611 in
898 558 1044 632 regni
1067 558 1364 631 provincias
1394 560 1609 616 missum
1636 559 1733 624 iri,

175 665 249 715 ut,
268 647 431 720 siquis
454 646 638 719 justior
659 667 769 704 esse
790 649 945 715 velit,
968 665 1058 705 aut
1079 650 1254 706 mitior
1271 694 1286 718 ,
1307 672 1462 726 quam
1484 653 1616 707 forte
1636 654 1736 708 Pa-

174 741 308 797 risiis
331 741 572 815 effugerit
591 783 607 806 ,
630 758 850 797 mortem
878 742 1106 798 offendat
1137 744 1192 798 in
1214 745 1377 817 patria
1401 766 1413 799 ε
1436 746 1641 800 tandem
1662 746 1736 799 fe-

174 849 356 889 runtur
392 832 639 907 suffragia
671 854 691 897 3
741 834 905 888 multa
944 835 1105 890 animi
1146 837 1422 894 infirmitas
1465 837 1697 913 suggerit
1719 881 1734 904 ,

175 925 333 980 timor
352 926 499 997 plura
521 966 537 990 ‚
580 925 823 998 pleraque
843 925 1120 998 impietas;
1153 929 1342 1001 quibus
1377 932 1615 986 collectis
1644 951 1737 986 nu-

172 1018 512 1090 meratisque‚
534 1017 746 1072 Praeses
767 1019 992 1092 assurgit
1009 1061 1023 1085 ‚
1048 1021 1356 1076 sententiam
1377 1023 1614 1077 omnium
1634 1023 1736 1077 ini-

172 1111 475 1185 quissimam
497 1109 840 1182 pronunciat,
884 1128 1256 1185 corruptaeque
1287 1114 1529 1169 Nationis
1569 1113 1737 1168 nomi-

174 1224 241 1261 ne
261 1201 642 1258 atrocissimum
667 1203 836 1258 scelus
857 1203 1083 1260 absolvit
1104 1245 1116 1256 .
1160 1205 1247 1258 Ac
1272 1219 1413 1259 tanta
1451 1205 1740 1260 immanita-

174 1311 227 1351 te
267 1338 282 1361 ,
327 1311 572 1367 tantaque
611 1294 1008 1367 intemperantia
1052 1297 1335 1368 parricidae
1381 1298 1458 1352 illi
1497 1301 1705 1354 suerunt
1723 1341 1738 1364 ,

174 1406 319 1446 utne
342 1388 568 1442 triduum
591 1386 798 1459 quidem
818 1429 832 1452 ,
876 1389 1016 1459 quod
1036 1388 1137 1443 sibi
1159 1390 1276 1444 Rex
1297 1391 1594 1462 postulabat
1610 1432 1624 1454 ‚
1667 1391 1743 1444 in-

176 1498 252 1537 ter
273 1482 490 1535 allatum
523 1479 694 1534 fatalis
731 1480 1015 1535 sententiae
1053 1481 1306 1536 nuncium
1344 1499 1395 1536 et
1427 1482 1745 1555 supplicium

175 1573 423 1629 interesse
444 1588 733 1645 paterentur
755 1592 769 1625 z
814 1573 967 1627 credo
987 1574 1130 1644 quod
1149 1576 1457 1630 verebantur
1475 1616 1490 1639 ,
1524 1594 1746 1648 nequam

177 1664 234 1721 in
264 1664 463 1738 populo
501 1664 908 1720 misericordiam
945 1664 1194 1721 excitaret
1227 1685 1511 1739 paucorum
1552 1668 1751 1723 dierum

177 1756 405 1831 prolatio
429 1799 441 1810 .

339 1849 442 1903 Sed
462 1848 586 1903 haec
605 1890 620 1913 ‚
639 1868 768 1922 quae
790 1847 1065 1906 inusitatae
1087 1851 1406 1909 crudelitatis
1428 1870 1550 1909 sunt
1567 1898 1582 1920 ‚
1601 1855 1754 1909 omit-

183 1955 386 2015 tamus:
413 1956 613 2012 tempus
635 1938 740 2012 jam
764 1942 1030 2014 postulat,
1073 1958 1164 2008 ut,
1196 1944 1442 2016 quoniam
1466 1945 1754 2002 infelicissi-

183 2054 327 2089 mum
348 2034 549 2107 Regem
574 2054 662 2105 per
701 2049 780 2087 tot
816 2053 983 2088 rerum
1022 2035 1420 2090 miserrimarum
1460 2038 1759 2093 discrimina

185 2123 430 2179 comitati
450 2144 627 2179 sumus
644 2167 661 2190 ,
682 2127 783 2180 hoc
807 2126 961 2180 etiam
984 2143 1218 2181 extremo
1249 2127 1357 2198 ejus
1388 2129 1526 2185 vitae
1562 2145 1759 2202 tempo-

187 2235 242 2271 re
263 2218 330 2271 ad
349 2216 664 2290 supplicium
685 2237 847 2291 usque
868 2239 988 2274 cum
1012 2239 1245 2274 moerore
1266 2237 1317 2275 et
1354 2221 1554 2294 gemitu
1591 2241 1759 2294 prose-

190 2328 406 2382 quamur
424 2350 435 2362 .
468 2309 737 2364 Imitemur
758 2311 1032 2366 clarissimi
1053 2311 1194 2367 illius
1217 2312 1353 2368 senis
1374 2313 1688 2386 singularem
1710 2329 1764 2369 et

194 2419 460 2473 nunquam
481 2402 893 2460 obliviscendam
926 2404 1168 2476 pietatem
1188 2447 1202 2470 ‚
1244 2404 1335 2476 qui
1373 2424 1493 2459 cum
1526 2421 1765 2460 strenuus

196 2493 434 2548 defensor
455 2494 509 2548 in
532 2492 641 2566 ejus
675 2514 857 2550 caussa
897 2497 1178 2568 peroranda
1214 2496 1293 2550 illi
1330 2495 1613 2561 adfuisset,
1656 2516 1767 2550 mo·-

198 2585 378 2650 tientis
420 2587 574 2641 etiam
614 2588 757 2642 lateri
777 2587 862 2641 'ad
901 2603 1161 2646 extremos
1211 2587 1470 2643 cruciatus
1520 2587 1769 2642 levandos

203 2678 468 2734 adhaerere
490 2679 660 2734 fidelis
683 2680 1045 2753 studiosusque
1067 2682 1366 2736 consolator
1385 2678 1573 2736 Voluit.
1591 2678 1767 2743 Quan-

202 2786 359 2840 quam
378 2768 490 2843 ipse
511 2772 677 2847 magis
699 2773 1075 2831 consolationis
1097 2774 1365 2846 indigebat
1382 2813 1397 2837 ,
1440 2791 1594 2844 quam
1615 2771 1766 2827 Rex:
