2180 3537
992 346 1064 399 ’ἐκέ
1112 336 1180 393 18
1223 348 1294 401 ³<ss

367 465 475 504 non
516 446 602 503 ille
646 445 848 504 Galliae
883 468 975 522 pro
1011 450 1244 506 libertate
1278 469 1459 506 aurum
1492 451 1769 525 rependens
1805 470 1914 509 una

363 558 487 596 cum
525 560 648 595 auro
680 541 833 596 fatale
853 541 983 596 illud
1002 544 1189 598 ferrum
1210 543 1609 610 immiscuisset,
1647 546 1790 618 quod
1808 563 1916 601 tan‘

365 631 404 686 ti
427 632 589 706 Regis
629 652 811 688 manus
848 634 1224 708 constringeret
1259 677 1274 701 ,
1311 653 1593 711 augustum
1630 656 1786 711 caput
1825 641 1917 709 ab·

363 724 619 780 scinderet
641 765 652 779 .
696 726 797 780 Sed
817 725 1064 798 quoniam
1090 727 1363 797 praeterita
1383 745 1582 784 mutare
1606 750 1710 785 non
1731 748 1917 803 possu-

359 836 478 872 mus
501 838 518 881 ;
540 819 824 891 optandum
847 819 1024 874 saltem
1046 835 1203 884 esset,
1222 835 1298 885 ut,
1322 821 1756 891 quemadmodum
1779 842 1880 896 ego
1897 863 1913 888 ,

361 908 438 963 ita
483 911 571 982 qui
617 928 910 967 nostrorum
962 929 1254 984 temporum
1307 912 1573 968 historiam
1625 915 1920 986 posteritati

359 1004 682 1057 mandabunt
702 1045 718 1069 ‚
756 1021 807 1058 et
827 1004 923 1076 ipsi
948 1005 1140 1059 cursim
1163 1023 1222 1059 ac
1246 1003 1429 1077 raptim
1452 1003 1662 1060 exitiale
1684 1007 1784 1060 hoc
1810 1007 1918 1060 bel·

358 1095 468 1149 lum
501 1095 760 1170 attingant
802 1117 820 1160 ;
865 1098 1006 1168 quod
1045 1117 1208 1152 unum
1255 1099 1406 1152 rebus
1450 1116 1480 1150 a
1523 1098 1916 1152 LVDOVICO

359 1188 620 1259 praeclare
659 1188 818 1262 gestis
859 1188 1098 1242 nonnihil
1139 1190 1460 1244 tenebrarum
1505 1189 1731 1244 offundit
1755 1230 1771 1252 ‚
1810 1187 1922 1259 ejus

360 1299 486 1338 Vero
522 1281 833 1335 administris
856 1299 907 1335 et
927 1280 1231 1335 consiliariis
1269 1280 1635 1353 sempiternam
1673 1279 1920 1332 infamiae

360 1389 540 1428 notam
576 1373 734 1427 inurit
756 1414 769 1427 .
814 1377 1082 1441 Quorsum
1121 1372 1280 1447 igitur
1311 1371 1463 1443 hujus
1500 1393 1598 1445 ego
1621 1371 1744 1425 belli
1779 1390 1924 1424 men-

363 1465 558 1519 tionem
591 1465 770 1519 facio?
812 1467 889 1521 Ut
905 1464 1254 1538 intelligatur,
1287 1484 1393 1536 quo
1414 1465 1479 1518 ad
1519 1461 1922 1517 beneficentiam

361 1558 701 1631 procliviores
745 1575 869 1614 sunt
909 1559 1113 1631 Reges,
1143 1577 1207 1612 eo
1241 1556 1405 1632 magis
1443 1557 1755 1612 Aulicorum
1798 1573 1918 1610 suas

360 1651 600 1721 publicae
635 1651 904 1706 felicitatis
941 1653 1157 1705 obtentu
1199 1650 1472 1722 specieque
1511 1652 1720 1705 technas
1742 1649 1922 1706 velan-

361 1742 494 1796 tium
516 1743 716 1798 insidiis
738 1742 997 1798 obnoxios
1033 1761 1181 1797 esse:
1228 1744 1329 1797 hoc
1370 1740 1582 1796 nomine
1627 1740 1924 1795 beneficen-

360 1832 619 1889 tissimum
640 1835 840 1909 Regem
861 1834 917 1888 in
938 1852 1158 1888 errorem
1184 1834 1453 1888 inductum
1472 1874 1489 1904 ².
1526 1850 1677 1905 atque
1701 1834 1767 1886 ad
1790 1832 1925 1887 omi-

358 1944 493 1979 nosa
528 1925 618 1980 illa
649 1944 791 1982 arma
828 1925 1160 1998 compulsum
1200 1924 1310 1981 suis
1347 1925 1414 1980 ad
1451 1944 1506 1981 se
1526 1925 1923 1999 opprimendum

362 2016 592 2073 inimicis
618 2038 797 2073 ansam
817 2017 1017 2073 dedisse
1035 2058 1049 2071 .

519 2110 862 2182 Posteaquam
893 2108 1031 2164 enim
1063 2108 1307 2165 maximis
1338 2108 1611 2183 impendiis
1634 2109 1925 2166 constituta

361 2201 582 2259 victoria
612 2218 720 2266 est,
761 2204 826 2257 ab
855 2201 1110 2274 armisque
1142 2218 1398 2256 cessatum
1423 2242 1438 2266 ,
1479 2201 1552 2256 ita
1583 2201 1920 2255 imminutum

362 2293 532 2367 gentis
554 2294 804 2348 aerarium
833 2309 1087 2366 repertum
1125 2308 1202 2348 est
1223 2333 1240 2358 ‚
1280 2308 1341 2346 ut
1376 2292 1560 2366 ingens
1598 2307 1712 2346 tota
1747 2290 1922 2346 Gallia

363 2386 613 2441 tumultus
635 2402 948 2459 questusque
969 2386 1147 2442 fieret:
1190 2385 1453 2441 exhaustis
1489 2387 1558 2441 ob
1588 2384 1922 2458 praeteritum

361 2478 557 2532 bellum
578 2477 682 2549 jam
704 2499 862 2552 prope
882 2479 1139 2552 precuniis
1160 2479 1383 2552 publicis
1402 2520 1417 2544 ,
1441 2498 1606 2552 neque
1627 2477 1770 2552 regni
1792 2495 1918 2530 one-

362 2588 419 2623 ra
456 2571 677 2642 amplius
715 2572 951 2627 sustineri
983 2614 999 2638 ‚
1043 2591 1208 2645 neque
1245 2571 1466 2628 creditas
1501 2568 1744 2642 pecunias
1779 2563 1920 2622 solvi

360 2680 510 2734 posse
535 2682 551 2725 ς
594 2663 797 2717 Galliae
821 2665 978 2718 fidem
998 2706 1013 2729 ,
1051 2664 1107 2717 in
1129 2684 1229 2736 qua
1250 2661 1534 2717 maximum
1557 2658 1725 2734 gentis
1750 2658 1923 2713 firma-

360 2770 592 2810 mentum
614 2754 771 2812 situm
793 2772 899 2811 erat
925 2796 942 2823 ,
983 2756 1095 2814 fore
1118 2755 1179 2813 in
1211 2754 1322 2811 dies
1358 2752 1738 2828 angustiorem,
1780 2748 1925 2810 brevi
