2180 3537
817 355 887 406 4&
929 364 960 417 7
1007 355 1078 407 ³44⁶

177 456 283 531 ejus
306 457 470 532 operis
503 458 698 513 fructus
721 495 735 518 ‚
778 452 923 524 cujus
946 450 1173 508 invidiae
1195 492 1208 514 ,
1246 448 1288 504 si
1311 471 1410 522 qua
1433 469 1542 507 erat
1566 496 1578 518 ,
1603 474 1730 526 pou-

173 553 268 607 dus
301 552 429 605 alter
457 548 733 606 sustineret
758 587 769 599 .
807 547 950 600 Haec
976 585 991 608 ‚
1024 563 1154 614 quae
1176 543 1335 615 Regis
1370 544 1545 598 animo
1568 545 1722 600 facile

154 644 574 698 obversabantur
612 681 628 705 ‚
672 657 800 692 num
838 636 1131 690 dubitamus
1167 676 1181 698 ‚
1232 634 1579 707 quinveadem
1621 637 1720 709 ipsi

170 733 389 788 consilia
410 735 476 788 ob
500 733 679 788 oculos
699 746 1007 804 ponerentur
1028 731 1090 783 ab
1112 728 1175 782 iis
1199 770 1214 793 ‚
1247 728 1433 801 quibus
1455 746 1577 783 tunc
1598 747 1718 787 tem-

166 824 307 898 poris
339 824 652 880 administris
690 841 742 878 et
780 821 1087 877 consiliariis
1119 822 1356 874 utebatur
1395 862 1409 885 ‚
1449 823 1719 880 studiosis-

168 914 315 971 simis
339 915 506 988 regiae
530 916 818 988 potestati8‚
843 930 994 986 atque
1015 911 1242 969 familiae
1265 917 1283 966 ἒ
1306 913 1379 966 Ea
1403 929 1569 986 tamen
1600 917 1717 970 LV-

166 1008 494 1062 DOVICVS
519 1050 533 1072 ‚
553 1008 691 1081 quod
708 1006 889 1078 populi
913 1005 1106 1077 optatis
1143 1005 1543 1062 adversabantur
1565 1049 1579 1071 ⁷
1603 1008 1716 1080 reji-

164 1100 280 1163 cit;
316 1115 368 1154 et
387 1120 546 1154 unum
579 1101 710 1153 bene
743 1100 806 1152 de
837 1098 1078 1152 omnibus
1111 1097 1340 1151 merendi
1376 1099 1603 1153 studium
1636 1101 1716 1155 sui

163 1191 326 1262 ipsius
345 1190 642 1244 auctoritati
666 1191 976 1263 praeferens,
1003 1189 1283 1261 concupita
1304 1210 1332 1243 a
1355 1191 1548 1262 populo
1574 1193 1714 1245 Con-

163 1281 284 1336 cilia
320 1298 531 1339 revocat
552 1281 606 1335 in
629 1281 984 1356 integrumque
1005 1281 1229 1336 restituit
1252 1323 1263 1335 .

320 1378 497 1445 Atque
519 1377 600 1429 hic
625 1377 768 1446 plura
787 1375 847 1428 de
870 1374 1118 1447 singulari
1152 1375 1484 1428 LVDOVIC
1493 1378 1514 1430 I
1546 1375 1712 1430 indul-

160 1465 337 1539 gentia
366 1467 533 1521 dicere
562 1468 837 1529 haberem;
867 1468 1112 1539 abrogata
1135 1465 1244 1538 agri
1269 1467 1524 1521 cultorum
1544 1468 1707 1540 ,opifi-

159 1576 379 1628 cumque
403 1558 590 1612 tributa
613 1601 627 1624 ,
672 1559 930 1613 sublatum
972 1557 1051 1630 jus
1079 1557 1395 1630 captivitatis
1416 1601 1430 1624 ⁷
1473 1579 1646 1615 amota
1681 1582 1712 1615 a

157 1670 359 1705 reorum
403 1650 790 1722 quaestionibus
835 1666 1088 1706 tormenta
1127 1692 1141 1715 ‚
1181 1651 1408 1705 sontium
1444 1653 1708 1708 custodias

153 1743 420 1799 salubriori
443 1745 561 1799 loco
585 1745 891 1799 constitutas
915 1787 929 1809 ,
965 1762 1115 1816 atque
1156 1743 1259 1796 alia
1295 1744 1348 1796 id
1372 1764 1534 1816 genus
1559 1744 1708 1799 inex·

153 1834 394 1904 plebilem
428 1834 535 1906 ejus
568 1836 965 1890 beneficentiam
998 1835 1234 1889 testantia
1261 1855 1276 1897 3
1315 1835 1414 1889 nisi
1448 1856 1505 1888 ca
1527 1837 1579 1889 in
1606 1837 1705 1908 pri-

151 1925 250 1979 mis
286 1945 690 1982 commemorare
712 1928 1032 2000 propositum
1066 1927 1191 1981 mihi
1226 1944 1359 1982 esset
1375 1964 1396 1991 -9
1435 1928 1488 1981 in
1513 1928 1702 1998 quibus

149 2014 343 2086 aliquid
376 2019 439 2073 de
473 2019 611 2091 regia
634 2019 939 2074 auctoritate
978 2019 1233 2074 remittere
1256 2061 1269 2084 ‚
1311 2041 1465 2092 quam
1503 2023 1565 2074 de
1605 2039 1700 2093 po-

148 2107 257 2177 puli
283 2109 493 2165 caritate
515 2111 697 2166 maluit
721 2152 732 2164 .
779 2111 931 2177 Quae
960 2113 1203 2184 quoniam
1232 2113 1285 2166 in
1309 2113 1555 2170 miserum
1581 2114 1701 2167 Gal-

150 2196 280 2250 licae
317 2203 713 2270 perturbationis
753 2219 952 2275 tempus
995 2205 1173 2258 saltem
1222 2206 1459 2276 pleraque
1500 2205 1699 2261 incide-

144 2308 262 2344 runt
287 2310 303 2352 ς
326 2293 389 2344 ad
410 2312 495 2357 ea,
517 2314 644 2365 quae
666 2294 718 2348 in
743 2311 882 2348 tanta
908 2295 1076 2367 regiae
1102 2297 1334 2350 fortunae
1360 2298 1698 2353 conversione

144 2402 238 2453 pro
262 2385 338 2438 sui
363 2385 540 2456 populi
564 2386 674 2439 otio
697 2403 850 2457 atque
887 2386 1244 2441 incolumitate
1285 2389 1498 2445 devovit
1518 2431 1546 2453 ‚.
1577 2389 1716 2465 licet-

141 2493 235 2543 pro
260 2494 423 2528 rerum
447 2517 461 2539 ‚
504 2495 633 2548 quae
668 2481 1147 2532 commemorandae
1189 2498 1335 2533 erunt
1365 2522 1379 2543 ‚
1419 2482 1695 2535 acerbitate

141 2567 501 2646 exhorrescens
524 2610 538 2632 ,
581 2571 789 2624 festinat
829 2571 1027 2625 animus
1063 2613 1074 2624 .
1117 2572 1238 2625 Sine
1271 2591 1438 2627 tamen
1471 2616 1486 2637 ‚
1524 2575 1693 2628 BEA-

141 2648 427 2712 TIS'SIME
462 2662 740 2725 PATER,
784 2679 1161 2732 ut,antequam
1184 2663 1690 2737 indulgentissimum

141 2747 338 2821 Regem
373 2771 460 2824 per
492 2771 570 2807 tot
606 2756 870 2810 luctuosas
910 2774 1264 2810 aerumnarum
1303 2756 1689 2815 vicissitudines
