2180 3537
1031 387 1102 440 ᾲὲε
1146 371 1217 447 38
1262 385 1332 438 *st

405 491 524 545 addi
559 487 798 547 videtur?
840 486 941 542 Sed
961 488 1281 560 quantalibet
1324 487 1712 543 mansuetudine
1743 486 1956 544 insanae

405 580 753 636 multitudinis
773 580 913 633 furor
936 579 1076 633 flecti
1102 579 1306 634 nescius
1336 579 1444 637 Vim
1469 580 1673 633 tandem
1701 597 1955 651 provoca-

405 673 482 730 vit
501 693 517 736 ς
538 672 668 726 itum
690 671 756 724 ad
776 689 914 724 arma
935 685 1010 724 est
1033 711 1044 723 .
1087 670 1393 724 Irruentium
1415 670 1636 742 impetus
1660 713 1673 736 ,
1699 672 1950 726 reluctan-

404 763 534 816 tium
557 761 823 834 oppositus
845 802 859 825 ‚
884 760 1206 815 caedentium
1229 761 1625 833 cadentiumque
1656 764 1850 817 clamor
1870 764 1949 818 in-

401 852 543 927 genti
578 851 797 924 Regiam
830 850 1080 906 familiam
1126 852 1333 904 horrore
1370 852 1717 926 perstringunt
1754 875 1771 918 3
1825 873 1948 910 cum

399 962 582 1000 neutro
615 943 865 998 inclinata
902 962 992 1016 spe
1013 984 1028 1007 ‚
1066 943 1236 998 fallaci
1278 943 1472 998 nuncio
1504 944 1798 1016 perfidoque
1822 965 1948 1000 con-

399 1038 516 1093 silio
550 1038 792 1109 deceptus
818 1037 935 1089 Rex
957 1077 972 1099 ‚
1015 1034 1069 1087 in
1092 1054 1206 1088 eum
1231 1075 1245 1099 ,
1284 1055 1436 1106 quem
1473 1035 1648 1107 legum
1680 1035 1945 1090 sanctissi-

397 1148 594 1183 marum
637 1126 958 1182 domicilium
994 1168 1008 1190 ,
1052 1145 1425 1198 oppressaeque
1456 1126 1786 1181 innocentiae
1824 1147 1945 1202 asy-

395 1219 505 1272 lum
542 1236 650 1273 esse
679 1217 915 1290 putavit,
952 1237 1073 1272 suae
1106 1217 1277 1290 gentis
1313 1234 1631 1275 conventum
1672 1237 1792 1274 cum
1835 1220 1945 1275 suis

394 1309 637 1364 omnibus
677 1308 913 1381 confugit
951 1350 962 1361 .
1026 1309 1071 1363 O
1125 1308 1493 1379 deplorandam
1543 1310 1730 1380 proditi
1782 1312 1945 1385 Regis

394 1399 780 1455 conditionem!
825 1402 946 1454 Non
983 1400 1069 1453 ille
1110 1400 1164 1453 in
1190 1416 1357 1454 tutum
1379 1400 1581 1473 asylum
1606 1442 1622 1465 ,
1661 1404 1751 1456 sed
1772 1403 1824 1456 in
1847 1404 1944 1458 mi-

392 1492 655 1547 serrimam
678 1493 1032 1566 captivitatem
1055 1511 1109 1547 se
1132 1490 1353 1563 conjicit
1377 1512 1394 1554 3
1428 1511 1537 1546 non
1579 1494 1752 1566 legum
1775 1510 1942 1565 patro-

393 1584 590 1640 cinium
621 1627 637 1650 ‚
678 1587 768 1640 sed
803 1584 1094 1659 tyrannidis
1136 1583 1495 1656 impotentiam
1533 1625 1548 1648 ‚
1605 1603 1712 1638 non
1750 1605 1942 1657 aequos

391 1676 471 1731 sui
495 1678 812 1742 defensores,
834 1678 923 1731 sed
943 1676 1294 1748 iniquissimos
1316 1678 1490 1730 hostes
1514 1690 1725 1730 nactum
1752 1696 1806 1731 se
1828 1697 1943 1733 esse

391 1769 549 1823 sentit
574 1789 587 1822 :
629 1769 718 1822 ubi
743 1789 862 1823 cum
885 1768 1054 1822 triduo
1088 1786 1294 1822 manere
1336 1783 1549 1821 coactus
1573 1782 1708 1821 esset
1730 1808 1745 1830 ‚
1787 1787 1940 1838 quem

387 1859 464 1913 illi
487 1879 692 1914 sensum
716 1860 872 1915 fuisse
895 1859 1147 1914 credimus
1170 1859 1494 1931 importunos
1528 1878 1703 1913 eorum
1732 1876 1944 1913 cernen-

390 1951 431 2004 ti
453 1952 625 2007 Vultus
648 1993 662 2017 ‚
700 1952 788 2023 qui
813 1967 892 2005 tot
922 1951 1020 2005 sibi
1040 1950 1254 2005 insidias
1275 1950 1505 2004 fecerant
1528 1992 1542 2015 ‚
1574 1966 1652 2004 tot
1672 1968 1939 2006 aerumnas

387 2042 783 2097 conflaverant?
823 2044 1057 2096 Tandem
1099 2062 1165 2096 ex
1203 2042 1377 2100 inviso
1410 2043 1503 2097 illo
1526 2058 1786 2100 conventu
1814 2061 1937 2097 cum

386 2133 552 2207 Regia
584 2134 780 2187 familia
811 2134 866 2188 in
890 2153 1144 2189 carcerem
1184 2134 1528 2192 detrudendus
1565 2133 1938 2206 frequentiores

387 2224 613 2281 civitatis
635 2225 747 2282 vias
781 2224 1010 2297 trajicere
1033 2268 1048 2290 ‚
1087 2225 1308 2279 ludibria
1348 2226 1663 2297 impudentis
1699 2225 1935 2278 multitu-

382 2314 518 2370 dinis
558 2315 724 2381 ferre‚
762 2333 1001 2389 aequatas
1038 2317 1153 2372 solo
1190 2336 1399 2372 suorum
1435 2315 1701 2387 Majorum
1740 2332 1936 2371 statuas

383 2405 574 2460 intueri
609 2407 813 2481 cogitur
835 2450 849 2473 ,
885 2424 944 2463 ut
965 2428 1030 2462 ex
1052 2425 1200 2462 tanto
1226 2409 1402 2481 populi
1435 2424 1741 2480 contemptu
1779 2423 1935 2479 atque·

379 2498 504 2551 odio
524 2500 830 2570 praesentiat
852 2541 867 2564 ,
908 2520 1059 2571 quam
1096 2500 1195 2555 sibi
1218 2519 1517 2554 aerumnosa
1540 2498 1810 2570 captivitas
1833 2497 1933 2551 im·-

381 2588 575 2642 mineat
602 2632 620 2654 ⁷
658 2592 954 2664 crudelique
994 2594 1282 2647 futurorum
1321 2592 1574 2647 malorum
1614 2588 1840 2662 imagine
1873 2588 1930 2643 in

380 2696 701 2736 antecessum
724 2683 971 2737 laceretur
1003 2725 1015 2736 .

544 2774 651 2839 jam
673 2773 787 2845 quis
811 2789 886 2829 est
905 2814 921 2839 2
962 2773 1048 2847 qui
1071 2792 1162 2846 pro
1185 2792 1348 2831 rerum
1371 2772 1642 2829 atrocitate
1672 2772 1935 2846 deplorare
