2180 3537
795 359 866 411 ’ᾲὲε
916 362 982 419 15
1023 355 1095 409 ³44⁶

170 471 302 511 tutes
336 454 593 531 accessit,
634 476 764 530 quae
796 458 1040 513 nimirum
1080 476 1184 513 una
1223 477 1343 533 prae
1384 460 1566 517 ceteris
1588 479 1715 535 gen-

169 546 299 600 tium
328 546 426 601 sibi
460 550 870 605 concreditarum
908 552 1323 609 benevolentiam
1361 553 1499 627 Regi
1541 555 1716 612 conci-

166 637 263 691 liat
302 681 317 705 ,
361 656 412 696 et
452 640 806 697 firmissimum
847 659 925 698 est
966 643 1134 718 regiae
1170 645 1490 702 auctoritatis
1528 647 1718 719 praesi-

166 730 310 785 dium
335 772 350 797 ‚
385 751 606 806 quanam
625 754 801 790 caussa
821 732 846 811 (
866 737 990 810 proh
1008 737 1164 792 fidem
1186 737 1453 794 hominum
1485 759 1545 795 ac
1569 760 1719 814 supe-

170 844 343 879 rorum
370 825 426 902 1)
457 826 655 882 factum
693 844 930 900 putemus
953 870 970 894 ‚
1010 846 1069 883 ut
1104 849 1194 902 per
1234 847 1524 902 postremos
1560 834 1719 888 hosce

170 936 338 973 annos
360 936 567 992 gentem
604 920 692 974 ille
724 940 869 975 suam
908 936 987 974 tot
1006 941 1036 974 a
1058 939 1112 975 se
1133 921 1406 977 beneficiis
1442 922 1680 978 affectam
1704 963 1720 988 ‚

171 1030 279 1065 non
311 1013 468 1066 modo
519 1012 834 1068 obliviosam
870 1028 922 1066 et
958 1012 1217 1085 ingratam
1259 1054 1274 1077 ‚
1333 1014 1423 1069 sed
1463 1014 1727 1069 crudelem

171 1121 325 1176 atque
347 1105 559 1175 impiam
582 1123 822 1176 expertus
845 1105 914 1159 sit
936 1110 954 1158 ἓ
992 1106 1133 1158 Nota
1152 1122 1228 1159 est
1248 1105 1336 1158 illa
1359 1104 1480 1159 Tibi
1505 1146 1519 1169 ,
1557 1105 1729 1159 BEA-

171 1195 461 1249 TlSSIME
501 1197 745 1250 PATER
789 1239 804 1262 ‚
842 1197 970 1270 qnin
1013 1196 1380 1271 gravissimum
1420 1196 1599 1251 animo
1638 1214 1730 1251 tuo

172 1289 365 1347 vulnus
407 1289 604 1344 inflixit
637 1331 651 1354 ,
689 1291 830 1361 quod
869 1291 935 1343 acl
971 1290 1303 1363 Religionem
1343 1288 1688 1344 Christianam
1712 1328 1730 1353 ,

172 1378 323 1451 cujus
358 1381 789 1454 vigilantissimus
831 1402 886 1437 es
929 1398 1106 1437 custos
1148 1382 1524 1454 acerrimusque
1564 1381 1737 1435 defen·

175 1489 262 1527 sor
283 1512 298 1536 ‚
333 1490 439 1525 una
470 1490 589 1526 cum
611 1473 821 1546 Regum
851 1474 1267 1529 Christianorum
1301 1474 1567 1528 dominatu
1589 1474 1736 1528 labe-

174 1564 468 1625 factandam
503 1567 773 1638 spectabat
791 1606 804 1619 .
847 1567 957 1620 Nec
982 1585 1105 1623 vero
1126 1565 1385 1623 avulnere
1420 1566 1518 1621 hoc
1544 1581 1633 1619 tuo
1655 1585 1732 1620 re-

175 1655 413 1711 fricando
435 1675 748 1731 magnopere
768 1657 1052 1711 absterreor
1073 1697 1088 1721 ‚
1127 1676 1249 1711 cum
1281 1675 1348 1712 ex
1382 1654 1532 1727 hujus
1562 1655 1632 1710 rei
1659 1673 1739 1708 re-

178 1748 484 1803 cordatione
513 1769 619 1802 non
641 1747 812 1803 minor
841 1748 897 1802 in
919 1750 997 1804 Te
1014 1749 1124 1804 laus
1145 1747 1440 1821 profectura
1461 1748 1529 1803 sit
1551 1790 1566 1814 ,
1600 1747 1742 1821 quod

178 1840 244 1894 ab
263 1838 438 1911 impiis
460 1839 695 1893 hostibus
718 1855 920 1893 strenue
932 1839 1263 1913 Religionem
1287 1855 1476 1896 tutatus
1496 1859 1568 1904 es,
1590 1860 1745 1912 quam

181 1930 237 1986 in
263 1931 767 1986 Christianissimum
801 1931 1004 2005 Regem
1045 1973 1063 1997 ‚
1100 1932 1240 2004 quod
1275 1933 1340 1986 ab
1376 1932 1741 2005 impurissimis

180 2022 473 2097 Religionis
496 2023 731 2078 osoribus
753 2041 1024 2094 oppressus
1046 2023 1248 2078 fortiter
1263 2039 1482 2078 mortem
1505 2023 1738 2096 oppetiit.

182 2115 328 2170 Pone
349 2115 507 2189 igitur
528 2131 646 2169 ante
667 2116 850 2169 oculos
892 2114 1133 2169 miseram
1169 2114 1310 2168 illam
1342 2115 1551 2186 quidem
1576 2130 1627 2170 et
1650 2115 1742 2167 fle-

184 2205 342 2263 bilem
376 2205 575 2260 Galliae
595 2206 821 2279 speciem
844 2247 860 2271 ,
899 2206 991 2261 secl
1026 2205 1094 2259 ad
1129 2205 1387 2261 funestam
1426 2205 1739 2259 infortunio-

184 2318 299 2355 rum
319 2297 500 2354 seriem
524 2340 540 2364 ‚
578 2318 707 2371 quae
728 2296 1155 2353 florentissimum
1185 2297 1428 2371 Regnum
1462 2338 1476 2361 ,
1517 2298 1747 2370 Regem-

142 2447 145 2449 ,
184 2411 287 2464 que
308 2392 724 2447 infelicissimum
759 2395 1075 2456 obruerunt,
1118 2391 1540 2464 cognoscendam
1563 2408 1739 2444 neces-

189 2484 413 2539 sariam:
451 2483 836 2538 sanctissimum
873 2482 1230 2556 philosophiae
1267 2500 1458 2535 nomen
1489 2481 1745 2552 adimpo-

192 2575 417 2629 nendum
439 2574 759 2628 multitudini
781 2574 1043 2646 imperitae
1061 2571 1166 2644 jam
1185 2588 1294 2627 tum
1320 2571 1593 2631 Ludovico
1612 2573 1738 2626 XV.

194 2681 438 2737 regnante
475 2666 539 2719 ab
561 2665 733 2738 impiis
754 2665 1053 2720 hominibus
1094 2680 1432 2735 usurpatumz
1473 2661 1744 2718 clandesti-

198 2775 293 2812 nas
331 2758 476 2813 statis
515 2757 826 2831 temporibus
868 2757 1101 2831 locisque
1132 2755 1198 2810 ad
1230 2754 1560 2830 Religionem
1599 2771 1742 2810 ever-

1088 2853 1181 2912 b4
