2180 3537
1103 379 1138 437 I
1180 379 1231 437 V

402 494 613 556 enecti
658 493 841 579 Regis
892 494 1162 557 nuncius
1213 491 1290 555 ad
1322 495 1425 556 Te
1477 490 1682 555 feralis
1724 491 1946 554 allatus

399 642 493 687 est
533 675 552 705 ,
594 625 777 689 altius
823 627 1015 689 etiam
1057 649 1226 689 nunc
1273 627 1489 689 animo
1527 643 1639 687 tuo
1682 621 1949 686 infixum

388 779 532 818 esse
577 760 808 816 scimus
836 774 1054 815 omnes
1087 802 1099 814 .
1148 756 1311 833 Quis
1353 755 1642 841 exemplo
1680 755 1797 815 hoc
1834 772 1945 817 tuo

397 889 617 977 quavis
678 885 1042 976 eloquentia
1085 882 1341 949 fortiore
1382 909 1514 949 non
1562 893 1945 949 moveatur?

393 1021 532 1109 quis
593 1042 721 1082 non
763 1037 1044 1082 moereat
1094 1026 1119 1082 Ρ
1167 1021 1305 1107 quis
1354 1042 1483 1083 non
1527 1018 1672 1081 fleat
1721 1025 1746 1081 ?
1799 1041 1947 1081 cum

397 1154 769 1238 praesertim
805 1152 1038 1239 legenti
1078 1153 1155 1216 ad
1197 1152 1561 1216 luctuosum
1599 1150 1766 1213 hunc
1814 1150 1943 1211 exi-

396 1301 538 1346 tum
572 1285 651 1347 ob
690 1285 1128 1349 incredibilem
1163 1286 1658 1350 beneficentiam
1683 1332 1702 1362 ,
1741 1284 1947 1368 singu-

399 1416 722 1504 laremque
769 1417 1136 1502 religionem
1174 1419 1782 1478 Christianissimum
1819 1419 1944 1476 Re-

401 1571 541 1633 gem
569 1541 911 1611 adductum
932 1598 951 1625 2
979 1572 1308 1612 occurrere
1335 1547 1487 1611 illud
1515 1546 1742 1609 debeat
1766 1594 1785 1624 ,
1811 1544 1945 1609 nul-

400 1678 522 1743 lam
564 1679 1145 1744 beneficentissimo
1184 1701 1246 1745 et
1285 1680 1749 1767 religiosissimo
1787 1684 1945 1739 Pon-

399 1809 560 1872 tifici
599 1835 730 1873 esse
767 1817 1048 1898 potuisse
1087 1816 1452 1902 aequiorem
1480 1861 1498 1891 ,
1541 1808 1782 1873 nullam
1806 1809 1941 1871 lau-

399 1940 771 2006 dabiliorem
794 1944 1119 2008 moerendi
1148 1946 1461 2034 ssendique
1486 1965 1790 2006 caussam.
1812 1946 1942 2027 Ego

395 2094 545 2133 vero
572 2075 892 2158 duplicem
918 2074 1145 2135 laboris
1170 2072 1352 2162 hujus
1382 2075 1509 2136 mei
1535 2074 1815 2136 fructum
1841 2095 1942 2134 ca-

395 2206 565 2290 piam
603 2227 615 2266 :
662 2204 780 2266 hoc
831 2207 1001 2267 enim
1050 2208 1404 2292 posteritati
1452 2221 1939 2267 monumentum

393 2335 756 2425 relinquens
781 2386 799 2416 ,
827 2354 889 2398 et
915 2336 992 2398 ad
1019 2336 1298 2401 debitam
1317 2340 1385 2400 in
1409 2354 1658 2400 tantum
1677 2354 1934 2424 tamque

391 2467 716 2531 infelicem
775 2474 1014 2556 Regem
1073 2471 1689 2534 commiserationem
1739 2517 1758 2546 ,
1825 2466 1936 2529 ubi

392 2601 738 2689 quidquam
762 2601 1091 2666 hominum
1116 2602 1619 2667 misericordium
1646 2618 1740 2664 est
1761 2650 1780 2680 ,
1807 2601 1936 2665 ani-

390 2754 523 2795 mos
554 2733 801 2798 flectam
828 2783 847 2813 ,
872 2753 932 2798 et
962 2737 1012 2798 si
1041 2759 1168 2798 non
1194 2738 1338 2799 satis
1366 2752 1607 2823 gratum
1636 2784 1654 2814 ,
1691 2753 1754 2799 at
1795 2757 1931 2798 me-
