2180 3537
784 379 856 430 ψὲε
897 383 962 439 27
1007 373 1079 427 ’ἐφ

151 499 392 540 verentur
415 523 430 546 ‚
469 480 787 536 multitudo?
829 479 964 534 Satis
985 480 1176 541 habet,
1219 475 1261 532 si
1285 494 1384 549 qua
1403 475 1564 530 libere
1599 474 1703 530 sibi

153 573 464 627 offerantur.
508 573 780 627 Honorum
812 613 827 636 ‚
870 571 961 642 qui
1000 569 1269 624 Nobilium
1307 567 1500 640 proprii
1532 569 1703 622 hacte-

154 683 252 719 nus
273 665 478 718 fuerunt
499 705 513 728 ‚
550 663 803 736 cupiditas
826 665 1071 734 ceperat?
1106 663 1241 715 Cum
1263 676 1526 732 postremo
1547 659 1704 714 etiam

158 755 371 813 Civium
409 757 587 811 ordine
626 755 999 811 communicari
1041 753 1268 808 decernit
1294 794 1305 805 .
1346 751 1494 817 Quid
1520 751 1707 823 plura?

157 848 441 905 Profitetur
462 890 476 913 ‚
512 868 718 922 regnare
741 849 908 903 solum
933 866 987 901 se
1008 845 1145 900 nolle
1167 886 1183 910 ‚
1217 843 1408 916 regiam
1432 861 1553 896 cum
1574 843 1705 901 civi-

159 942 256 996 bus
280 941 385 997 suis
407 942 764 996 auctoritatem
787 940 961 1012 partiri
985 957 1170 1011 cupere
1192 979 1206 1002 ,
1235 937 1384 991 illum
1408 937 1564 990 totius
1587 956 1706 1009 gen-

162 1033 228 1088 tis
253 1050 566 1091 conventum
591 1074 606 1097 ‚
645 1031 792 1103 cujus
815 1030 1047 1086 consiliis
1085 1045 1261 1084 utatur
1282 1071 1297 1094 ‚
1338 1027 1486 1083 statis
1509 1043 1711 1099 semper

162 1125 478 1197 temporibus
511 1125 825 1178 indicturum
849 1164 860 1175 .
894 1123 1045 1188 Quae
1068 1137 1207 1175 tanta
1228 1119 1482 1175 barbaries
1520 1160 1535 1183 ,
1579 1137 1710 1189 quae

160 1216 434 1271 crudelitas
465 1233 608 1270 tanta
628 1234 846 1287 usquam
872 1230 949 1268 est
971 1256 985 1278 ‚
1017 1223 1170 1286 quam
1197 1228 1334 1265 tanta
1355 1209 1517 1283 Regis
1539 1209 1710 1263 facili-

163 1325 240 1363 tas
263 1349 277 1372 ‚
320 1325 461 1362 tanta
499 1308 732 1362 lenitudo
764 1307 1005 1361 remorari
1047 1322 1201 1377 atque
1237 1303 1467 1358 emollire
1490 1321 1595 1355 non
1620 1321 1711 1374 po-

165 1399 389 1454 tuisset?
421 1400 466 1454 Ο
491 1399 713 1454 inustam
737 1398 936 1452 Galliae
958 1413 1008 1451 et
1030 1415 1288 1468 nunquam
1315 1393 1584 1448 eluendam
1609 1410 1713 1447 tur-

162 1489 410 1561 pitudinis
435 1506 612 1544 notam
637 1494 649 1543 Σ
691 1491 912 1544 Tantam
945 1489 1080 1543 enim
1104 1486 1548 1542 mansuetudinem
1569 1528 1583 1550 ‚
1608 1501 1716 1540 tarn

163 1580 468 1635 inusitatam
491 1581 876 1654 inauditamque
918 1579 1284 1636 humanitatem
1307 1621 1323 1644 ,
1367 1594 1474 1633 tam
1512 1599 1618 1633 non
1641 1579 1717 1632 di-

165 1692 280 1728 cam
318 1675 612 1746 popularem
636 1716 650 1739 ,
694 1675 784 1729 sed
819 1673 1125 1727 familiarem
1163 1671 1573 1726 collocutionem
1597 1688 1716 1725 con-

164 1765 331 1820 secuti
370 1783 492 1820 sunt
531 1782 821 1822 aestuantes
857 1765 1108 1820 tumultus
1160 1763 1506 1837 impendentis
1557 1763 1719 1817 rebel-

167 1858 323 1912 lionis
360 1858 553 1912 funesti
588 1858 784 1912 indices
809 1899 823 1921 ‚
859 1857 1024 1912 secuti
1060 1855 1428 1910 contumeliosi
1462 1855 1719 1909 clamores

170 1948 416 2003 teterrimi
456 1950 660 2004 sceleris
682 1949 863 2004 fatales
888 1947 1104 2012 nuncii,
1142 1963 1347 2002 secutus
1378 1946 1464 2000 ille
1484 1946 1539 1999 in
1560 1945 1724 2018 Regis

172 2042 322 2096 aedes
359 2042 502 2113 quasi
536 2041 590 2094 in
627 2040 855 2095 hostium
903 2041 1081 2094 urbem
1127 2054 1412 2093 nocturnus
1450 2037 1670 2108 impetus
1707 2076 1718 2088 .

176 2125 225 2188 O
253 2150 459 2189 noctem
493 2133 638 2187 illam
677 2132 968 2186 luctuosam
991 2172 1006 2195 ‚
1042 2147 1096 2184 et
1136 2131 1447 2203 sempiterna
1469 2171 1486 2194 ‚
1528 2129 1572 2184 si
1611 2129 1725 2183 fieri

174 2240 350 2297 posset
367 2267 381 2289 ‚
420 2224 688 2280 oblivione
716 2224 984 2277 delendam
1011 2227 1022 2274 !
1055 2242 1155 2295 qua
1177 2224 1470 2297 lymphatae
1491 2221 1725 2275 multitu-

176 2316 313 2372 dinis
351 2316 507 2371 armis
542 2316 770 2388 optimus
817 2317 933 2370 Rex
971 2315 1226 2387 appetitus
1259 2356 1274 2379 ,
1312 2314 1477 2388 Regia
1521 2311 1730 2384 Conjux

180 2407 508 2461 contumeliis
556 2427 796 2479 oppressa
838 2449 852 2471 ‚
908 2407 1076 2480 Regia
1124 2406 1292 2461 omnis
1330 2407 1528 2460 familia
1574 2405 1732 2464 minis

181 2501 540 2571 perterrefacta
565 2541 575 2552 .
603 2503 777 2569 Quam
802 2499 1009 2569 quidem
1035 2514 1243 2553 noctem
1266 2499 1470 2552 umbras
1493 2497 1732 2568 equidem

184 2590 424 2646 effudisse
453 2592 608 2646 solito
650 2591 975 2645 obscuriores
1010 2591 1225 2645 arbitror
1246 2633 1261 2655 ‚
1298 2590 1484 2663 quibus
1505 2605 1648 2645 tanta
1669 2609 1731 2644 ac

170 2695 291 2734 *tam
324 2682 441 2738 visu
473 2683 626 2736 foeda
659 2682 891 2736 facinora
911 2684 1148 2736 obrueret
1171 2723 1182 2735 .
1224 2687 1375 2752 Quae
1416 2698 1583 2736 tamen
1605 2683 1736 2736 adeo

189 2771 472 2845 caligantes
497 2775 732 2830 tenebrae
766 2774 968 2848 reperiri
987 2791 1205 2849 possunt
1225 2817 1241 2842 ,
1286 2775 1421 2832 unde
1452 2774 1734 2832 furentium

1085 2887 1106 2916 C
1150 2885 1177 2916 2
