2180 3537
802 363 874 416 ᾴὲε
922 372 986 426 13
1031 362 1102 414 ³34⁶

179 470 280 524 liae
321 469 550 523 deesset.
598 464 794 521 Nescio
826 481 944 538 post
980 479 1058 518 tot
1092 476 1362 534 tantasque
1384 479 1548 518 rerum
1570 460 1730 520 vicis-

181 560 428 617 situdines
451 600 466 623 ‚
509 576 630 631 post
661 574 742 612 tot
766 574 987 630 quatuor
1020 558 1179 611 ferme
1213 574 1462 610 annorum
1500 557 1682 610 caedes
1715 573 1735 619 ‚'

180 651 422 707 incendia
461 693 476 716 ‚
519 650 722 722 rapinas
770 669 836 704 an
874 648 1215 721 pulcherrima
1252 647 1341 701 illa
1376 649 1628 702 bonarum
1661 666 1735 700 ar-

182 745 312 799 tium
349 759 682 799 monumenta
721 783 736 807 ,
775 762 904 814 quae
945 740 1371 795 LVDOVICVS
1412 738 1612 803 erexit,
1658 752 1737 791 tot

122 828 124 830 V
182 818 381 893 civium
414 835 833 890 calamitosorum
866 833 993 890 vitis
1026 831 1347 903 fortunisque
1378 830 1611 885 feliciora
1642 829 1738 884 fer-

182 946 297 981 rum
339 928 675 998 flammasque
710 924 964 981 evaserint
986 965 997 976 .
1044 922 1100 976 Si
1121 921 1417 976 factionum
1449 923 1738 976 turbarum-

184 1039 284 1090 que
306 1035 595 1089 temporum
624 1015 954 1070 diuturnitate
982 1014 1278 1069 edaciorum
1300 1015 1471 1067 furore
1504 1014 1668 1067 fracta
1690 1029 1741 1067 et

184 1125 441 1181 prostrata
471 1107 643 1178 jacent
686 1128 703 1170 3
744 1127 844 1164 vos
886 1126 998 1180 ego*
1023 1148 1039 1170 ‚
1081 1124 1177 1162 vos
1218 1105 1509 1159 liberalium
1551 1105 1745 1160 artium

182 1202 405 1255 cultores
443 1200 677 1272 appe110‚
720 1199 908 1270 quibus
948 1198 1142 1275 regiam
1182 1197 1270 1251 ille
1292 1216 1437 1251 suam
1463 1196 1705 1269 patefecit
1726 1238 1741 1262 ,

182 1310 402 1362 quorum
443 1290 653 1364 ingenia
688 1289 1124 1362 amplissimorum
1146 1308 1236 1361 spe
1262 1288 1608 1362 praemiorum
1632 1290 1744 1344 ille-

182 1382 299 1448 xit,
346 1383 626 1455 propositis
662 1382 914 1454 exemplis
956 1381 1259 1436 industriam
1297 1381 1440 1435 acuit
1462 1423 1477 1445 ,
1516 1381 1744 1456 largissi-

186 1473 287 1529 mis
326 1474 623 1529 muneribus
660 1494 813 1547 opera
846 1472 1137 1530 cumulavit
1172 1493 1185 1526 :
1229 1492 1328 1532 vos
1366 1473 1574 1545 inquam
1599 1516 1613 1539 ,
1653 1473 1744 1546 qui

189 1580 447 1619 tantorum
483 1565 701 1621 fortasse
742 1566 1115 1620 beneficiorum
1163 1565 1491 1622 immemores
1526 1566 1745 1622 nefarias

188 1673 308 1711 cum
343 1655 452 1728 ejus
491 1658 718 1714 inimicis
749 1658 1014 1731 pactiones
1045 1673 1100 1712 et
1132 1659 1410 1714 societates
1434 1659 1701 1714 conflastis
1725 1700 1741 1724 ‚

187 1766 246 1803 ut
269 1750 487 1822 denique
506 1751 653 1806 illum
675 1750 699 1827 (
720 1754 848 1824 proh
867 1753 1034 1806 scelus
1058 1755 1070 1804 l
1095 1749 1120 1827 )
1148 1751 1392 1824 raperetis
1411 1754 1475 1805 ad
1498 1768 1716 1806 mortem
1730 1766 1748 1806 .’

194 1842 361 1915 Atqui
382 1843 535 1900 vobis
570 1843 658 1898 ille
679 1845 861 1899 statuis
884 1843 1199 1916 pic-turisque
1240 1843 1645 1897 confertissimas
1668 1844 1746 1915 pi-

189 1935 498 1990 nacothecas
522 1936 753 1991 extruxit
785 1978 803 2001 ,
843 1935 900 1989 in
936 1935 1123 2008 quibus
1160 1935 1410 2008 quidquid
1442 1935 1618 2008 paullo
1640 1957 1748 1990 ma·-

191 2024 273 2099 gis
305 2024 494 2080 affabre
531 2027 730 2081 factum
768 2045 920 2099 atque
941 2027 1157 2098 antiquo
1194 2027 1422 2082 artificio
1449 2026 1709 2085 vid-eretur
1730 2071 1745 2095 ‚

194 2116 504 2172 imitandum
525 2118 676 2176 Vobis
715 2135 1026 2191 proponeret
1046 2159 1063 2182 ‚
1105 2120 1249 2173 caela
1268 2135 1439 2176 Vestra
1460 2135 1514 2174 et
1535 2121 1748 2193 penicil-

193 2206 246 2262 la
283 2208 552 2279 perficeret
594 2251 612 2273 ‚
654 2209 847 2282 gloriae
881 2209 1217 2281 quaestuique
1260 2211 1552 2265 consuleret
1595 2233 1611 2265 τ
1652 2231 1748 2269 Vo-

194 2299 279 2354 bis
300 2320 405 2354 non
427 2303 588 2354 modo
609 2302 674 2355 ad
695 2301 1101 2356 delectationem
1121 2342 1135 2365 ‚
1175 2303 1266 2356 sed
1299 2303 1456 2357 etiam
1477 2305 1542 2357 ad
1562 2303 1744 2377 cogni-

197 2389 393 2444 tionem
428 2407 481 2444 et
516 2393 744 2447 studium
793 2392 1017 2448 exoticis
1055 2436 1077 2459 ‚.
1118 2393 1283 2465 iisque
1313 2396 1524 2466 perraris
1561 2396 1752 2468 plantis

199 2479 434 2535 consitos
466 2482 640 2536 hortos
667 2483 863 2554 aperuit
885 2525 900 2548 ‚
940 2485 1032 2539 ubi
1068 2505 1200 2558 quae
1237 2501 1372 2540 tran-s
1392 2488 1550 2541 maria
1574 2505 1752 2543 terras-

199 2592 298 2642 que
319 2589 520 2627 nostras
548 2573 836 2645 procreavi-t
859 2592 1040 2630 natura
1059 2619 1074 2641 ,
1111 2594 1162 2631 et
1187 2576 1338 2631 nobis
1360 2579 1749 2649 quodammodo

204 2660 394 2717 invidit
410 2705 425 2728 ‚
449 2684 507 2718 ea
531 2682 787 2739 tamquam
811 2668 1056 2723 nostratia
1077 2671 1244 2725 oculis
1267 2671 1627 2742 mentibusque
1659 2692 1749 2727 ve-

207 2752 329 2809 stris
348 2758 752 2841 contemplanda
769 2757 1079 2832 subjiceret.
1124 2760 1294 2817 Vobis
1321 2762 1748 2838 typographicam

1216 2859 1309 2921 1²3
