2180 3537
1002 375 1072 428 ,ᾲὲε
1116 365 1186 439 36
1230 377 1298 429 «ἓν

386 482 452 536 da
474 480 603 536 illud
624 476 942 554 propositum
965 476 1018 531 in
1052 476 1225 548 primis
1248 489 1353 529 erat
1375 516 1390 539 ‚
1426 490 1486 530 ut
1506 495 1712 532 omnem
1737 478 1790 533 in
1806 479 1930 535 Gal-

382 572 451 627 lia
493 572 791 646 religionem
832 588 1037 641 prorsus
1076 568 1444 633 excinderent,
1499 590 1617 625 cum
1661 572 1929 638 viderent,

382 682 472 721 sua
494 682 547 717 se
570 662 810 734 perficere
831 658 1047 715 consilia
1079 678 1185 711 non
1209 679 1357 730 posse
1379 702 1394 724 ‚
1437 662 1829 717 adversantibus
1851 678 1931 717 tot

381 752 678 813 clarissimis
701 751 1051 807 Ecclesiarum
1089 751 1419 807 Praesulibus
1446 793 1460 816 ,
1502 752 1816 827 invictisque
1837 757 1931 809 Sa-

379 845 674 900 cerdotibus
697 885 714 910 ‚
751 844 839 917 qui
862 843 1019 898 nullis
1060 861 1154 896 nec
1198 843 1564 898 blandimentis
1588 885 1605 908 ‚
1642 864 1736 900 nec
1773 845 1930 902 minis

378 939 565 992 adduci
602 952 879 1010 potuerunt
901 977 917 1000 ,
955 950 1014 989 ut
1036 933 1258 988 nefarias
1281 934 1394 989 illas
1420 935 1719 990 Catholicae
1741 937 1926 990 Eccle-

377 1029 485 1084 siae
522 1029 785 1083 deletrices
828 1027 968 1099 leges
1000 1024 1323 1096 jurejurando
1360 1045 1455 1080 suo
1492 1029 1888 1100 comprobarent
1912 1068 1926 1091 ‚

378 1123 637 1175 decretum
678 1122 911 1175 fecerunt
950 1118 1279 1192 tyrannicum
1318 1159 1332 1182 ‚
1386 1118 1727 1173 inhumanum
1771 1160 1785 1183 ,
1830 1118 1928 1172 im-

373 1213 516 1284 pium
555 1254 571 1276 ,
610 1231 714 1283 quo
754 1212 903 1265 bonis
942 1211 1186 1265 omnibus
1229 1210 1443 1282 spoliati
1485 1211 1860 1283 ablegabantur
1898 1234 1929 1267 a

378 1303 545 1357 Gallia
569 1346 578 1356 .
601 1306 716 1356 Hoc
736 1302 870 1375 Regi
892 1319 1186 1374 proponunt
1210 1322 1226 1364 ;
1249 1302 1292 1356 si
1314 1300 1512 1356 sancire
1534 1304 1691 1359 vellet
1713 1344 1727 1367 ‚
1749 1323 1923 1374 prom-

374 1410 514 1466 ptam
536 1396 664 1447 hanc
689 1412 740 1448 et
759 1394 967 1448 facilem
989 1394 1098 1446 fore
1119 1394 1259 1450 viam
1289 1395 1355 1447 ad
1380 1410 1456 1447 tot
1481 1393 1691 1451 Civium
1718 1395 1929 1450 dissidia

372 1488 624 1559 placanda
646 1528 659 1551 ‚
698 1488 763 1540 ad
798 1503 876 1540 tot
898 1485 1075 1558 populi
1099 1487 1271 1541 turbas
1294 1486 1542 1541 sedandas
1581 1486 1925 1558 pollicentur:

373 1598 477 1651 quo
499 1578 552 1632 in
574 1578 772 1632 irritum
793 1578 1030 1635 revoluto
1053 1577 1298 1642 artificio,
1312 1577 1377 1630 ad
1399 1577 1563 1632 minas
1588 1577 1921 1651 confugiunt3

373 1670 777 1735 multitudinem,
799 1671 1008 1734 ferrum,
1025 1669 1391 1741 flammamque
1409 1669 1733 1723 minitantem
1755 1685 1926 1724 osten-

375 1761 508 1814 dunt
534 1802 546 1814 .
591 1762 692 1814 Sed
712 1780 931 1834 magnus
953 1778 1104 1832 atque
1125 1779 1156 1813 a
1177 1760 1361 1815 teneris
1384 1801 1400 1825 ,
1440 1762 1506 1814 ad
1527 1760 1772 1832 pietatem
1798 1780 1925 1815 con-

372 1851 621 1907 formatus
660 1853 863 1908 animus
887 1853 1064 1907 omnia
1101 1851 1202 1908 sibi
1225 1851 1363 1924 prius
1380 1851 1680 1924 perferenda
1701 1851 1881 1907 statuit
1906 1892 1922 1917 ‚

371 1963 524 2016 quam
547 1946 807 2000 decretum
849 1945 983 2000 istoc
1022 1943 1331 1999 auctoritate
1368 1961 1462 1998 sua
1500 1942 1923 1999 confirmandum

373 2050 478 2090 tam
504 2037 799 2092 Christiano
822 2036 1024 2090 nomini
1046 2034 1352 2099 inimicum,
1397 2050 1502 2087 tam
1547 2032 1923 2088 truculentissi-

372 2127 473 2181 mis
497 2127 601 2182 illis
624 2130 910 2193 Neronum,
934 2128 1320 2199 Deciorumque
1344 2125 1657 2198 temporibus
1676 2125 1888 2199 dignum
1906 2166 1919 2179 .

374 2217 495 2283 Qua
527 2219 894 2275 intercessione
935 2219 1139 2274 fortiter
1176 2234 1571 2291 constanterque
1616 2217 1924 2288 interposita

371 2327 425 2363 et
459 2312 717 2366 maculam
756 2353 772 2377 ‚
828 2312 873 2366 si
920 2332 1076 2384 quam
1117 2311 1172 2364 in
1214 2310 1329 2365 aliis
1370 2308 1587 2364 decretis
1625 2307 1920 2363 sanciendis

370 2402 501 2456 forte
533 2403 756 2475 suscepit
797 2445 812 2468 ,
862 2423 1070 2457 omnem
1119 2402 1311 2458 delevit
1351 2441 1367 2465 ‚
1420 2417 1472 2453 et
1516 2398 1922 2473 gloriosissimae

371 2494 526 2547 morti
564 2496 830 2549 obeundae
871 2494 1134 2548 materiem
1170 2493 1269 2548 sibi
1305 2511 1649 2565 campumque
1689 2506 1921 2545 constra-

373 2583 452 2641 vit
475 2625 486 2637 .
532 2586 592 2638 In
614 2587 742 2640 hanc
765 2586 900 2640 enim
937 2605 1004 2639 ex
1023 2605 1086 2639 eo
1108 2585 1275 2659 regiae
1306 2581 1687 2638 intercessionis
1719 2597 1919 2653 tempo-

373 2694 426 2729 re
464 2675 811 2747 implacabiles
851 2677 926 2731 illi
964 2677 1227 2751 religionis
1268 2695 1440 2731 osores
1462 2673 1730 2729 imminere
1767 2690 1919 2745 atque

372 2766 567 2829 inhiare
592 2787 849 2843 nunquam
874 2769 1176 2824 destiterunt
1203 2809 1214 2823 .
1238 2770 1551 2840 Interceptae
1573 2766 1636 2821 ab
1659 2764 1723 2820 iis
1746 2782 1919 2821 sacro·
