2180 3537
1057 433 1127 484 a&
1172 423 1206 477 6
1249 433 1319 485 ÷3÷

574 533 790 588 Gratum
809 525 913 587 erat
928 534 1121 605 populo
1144 576 1158 598 ,
1187 534 1325 604 quod
1347 534 1416 587 rei
1437 533 1795 588 frumentariae
1814 545 1955 589 comss

414 625 667 681 mercium
697 626 761 679 iis
785 666 799 689 ‚
842 625 1029 696 quibus
1061 624 1256 695 jamdiu
1286 625 1703 697 intercipiebatur
1726 668 1740 690 ‚
1779 626 1957 680 libera-

413 734 490 771 ret
525 716 778 790 angustiis
801 757 815 781 ,
853 731 912 768 ut
951 717 1252 787 monopolia
1295 716 1709 788 praepedirentur
1742 759 1757 782 ‚
1794 734 1854 772 ut
1890 737 1956 772 ex

413 828 650 862 annonae
675 808 850 880 inopia
871 824 921 862 et
943 807 1155 862 caritate
1184 827 1386 862 summa
1424 825 1627 879 repente
1663 811 1869 864 ubertas
1907 824 1958 862 et

415 899 589 956 vilitas
613 917 1002 972 consequeretur
1022 920 1035 953 :
1060 916 1259 972 gratum
1283 941 1297 963 ,
1321 900 1485 971 quod,
1520 919 1638 954 cum
1657 901 1872 955 Rbemis
1894 901 1957 954 de

410 1012 554 1046 more
575 992 693 1045 Rex
714 991 1128 1065 inauguraretur,
1166 1007 1425 1062 quotquot
1443 990 1494 1043 in
1518 991 1751 1062 publicas
1781 1009 1955 1046 custo-

409 1082 521 1136 dias
546 1083 720 1136 traditi
758 1100 899 1137 erant
920 1124 934 1146 ‚
975 1083 1133 1139 levari
1170 1068 1411 1139 vinculis*
1437 1083 1687 1154 educique
1717 1081 1915 1153 jube-ret
1939 1104 1954 1137 z

410 1192 614 1248 gratum
638 1217 652 1239 ‚
679 1177 817 1246 quod
839 1174 1202 1247 gravissimum
1223 1173 1356 1230 vecti
1364 1175 1451 1247 gal
1474 1215 1487 1237 ‚
1510 1174 1650 1245 quod
1671 1173 1820 1228 novis
1840 1173 1954 1244 qui-

409 1270 605 1339 busque
628 1268 859 1341 Regibus
902 1267 1112 1320 nomine
1151 1265 1306 1319 fausti
1346 1267 1411 1319 ad
1448 1285 1661 1339 regnum
1705 1266 1955 1320 adventus

409 1361 704 1415 solvebatur
726 1401 740 1423 ,
785 1379 850 1412 ex
873 1376 982 1412 toto
1005 1358 1284 1412 remitteret
1309 1378 1321 1410 τ
1351 1357 1546 1430 gratius
1578 1357 1732 1410 etiam
1756 1399 1771 1421 ,
1812 1357 1954 1427 quod

408 1470 557 1522 saepe
581 1452 732 1522 pedes
755 1451 1018 1503 incederet
1036 1492 1050 1513 ‚
1074 1451 1214 1520 quod
1230 1448 1610 1504 occursantium
1633 1448 1955 1501 multitudini

404 1541 589 1595 leniter
611 1561 719 1596 sese
737 1541 1036 1613 placideque
1056 1541 1337 1597 Videndum
1359 1543 1659 1612 praeberem
1682 1541 1822 1611 quod
1843 1541 1954 1593 nul-

406 1632 471 1687 lis
492 1635 801 1705 quandoque
826 1634 1053 1705 corpoiis
1091 1634 1392 1688 custodibus
1430 1634 1643 1705 stipatus
1670 1653 1953 1733 pauoeruxn

406 1726 593 1780 domos
630 1727 806 1780 furtim
831 1727 995 1780 obiret
1018 1768 1032 1790 ,
1074 1745 1259 1797 eosque
1301 1726 1633 1798 interrogaret
1663 1766 1676 1789 ‚
1710 1724 1813 1795 jam
1848 1745 1953 1796 quo

404 1818 570 1889 pretio
603 1834 757 1872 staret
793 1838 998 1871 annona
1022 1859 1036 1881 ,
1076 1837 1140 1870 ne
1178 1817 1294 1888 plus
1335 1837 1498 1888 aequo
1534 1816 1912 1889 ingravesceoet
1934 1857 1948 1880 ‚

404 1906 507 1978 jam
532 1949 546 1972 ,
580 1928 734 1979 quam
757 1906 811 1960 in
833 1908 973 1980 ipsos
996 1907 1195 1980 erogari
1221 1906 1436 1977 jusserat
1457 1947 1471 1970 ,
1507 1908 1850 1978 pecuniamne
1875 1928 1951 1962 re-

406 2000 690 2071 cepissent,
715 2019 779 2052 ne
802 1999 917 2070 quis
940 2019 1164 2071 unquam
1187 2015 1320 2053 esset
1338 1999 1727 2054 distributorum
1750 2000 1951 2053 frauda-

406 2093 538 2146 tioni
562 2094 707 2146 locus
744 2134 754 2145 .
800 2094 982 2150 Vnum
1024 2108 1193 2145 tamen
1222 2108 1331 2145 erat
1371 2133 1386 2155 ‚
1421 2093 1561 2163 quod
1598 2092 1950 2165 gratissimum

403 2186 512 2238 fore
535 2185 730 2256 populo
752 2184 1024 2239 Videbatur
1046 2226 1061 2248 ‚
1103 2185 1242 2255 quod
1267 2184 1474 2255 publica
1494 2183 1688 2254 jamdiu
1712 2201 1839 2239 vota
1864 2203 1949 2237 ex-

402 2278 644 2346 petebant
667 2316 678 2329 .
724 2277 970 2346 Suprema
1013 2275 1104 2328 illa
1141 2275 1286 2347 regni
1327 2274 1568 2328 Concilia
1605 2315 1620 2338 ‚
1660 2275 1843 2346 quibus
1881 2295 1948 2330 ex

404 2367 562 2423 veteri
584 2367 823 2420 instituto
861 2367 1036 2440 legum
1073 2367 1311 2421 custodia
1333 2409 1348 2432 ‚
1388 2383 1439 2419 et
1473 2364 1597 2437 juris
1629 2365 1849 2419 dicundi*
1874 2367 1949 2419 sa-

403 2458 569 2512 cultas
590 2458 830 2511 mandata
851 2474 958 2510 erat
981 2498 995 2520 ,
1036 2459 1187 2512 Avus
1228 2455 1335 2527 ejus
1377 2458 1712 2527 decessorque
1742 2458 1836 2509 sub
1869 2476 1947 2509 re-

403 2548 494 2621 gni
515 2549 673 2603 finem
697 2549 936 2604 dissolvit
956 2591 970 2612 ‚
995 2566 1149 2621 atque
1172 2549 1431 2623 ablegavit
1451 2589 1463 2601 .
1493 2548 1771 2602 Gravasset
1789 2546 1948 2600 alium

401 2641 605 2694 sublata
637 2644 759 2695 haec
786 2642 1026 2695 Concilia
1060 2640 1377 2695 instaurandi
1401 2638 1708 2699 consilium;
1740 2636 1946 2690 statuis-

401 2749 579 2803 setque
600 2733 829 2803 profecto
854 2775 869 2796 ‚
908 2735 1166 2787 sublatum
1191 2734 1253 2785 ab
1277 2731 1378 2784 alio
1401 2752 1428 2784 e
1450 2730 1736 2784 cervicibus
1763 2727 1945 2801 jugum

403 2825 728 2881 ‘subeundum
769 2825 902 2899 Regi
942 2845 1048 2881 non
1086 2843 1193 2879 esse
1228 2844 1241 2878 :
1295 2822 1420 2895 quin
1458 2822 1554 2876 sibi
1590 2819 1947 2893 percipiendos
