2180 3537
786 370 856 423 ÷}÷
902 373 971 430 35
1020 366 1093 420 ’ἐν

163 491 344 529 nacem
369 512 383 535 ‚
426 470 550 524 licet
572 483 821 523 armatum
846 509 861 532 ,
903 468 1027 522 licet
1051 480 1218 520 tantae
1250 462 1534 536 majestatis
1557 484 1724 520 sacra-

162 566 298 619 rium
321 562 601 635 petulantia
632 580 723 616 sua
750 560 1120 615 incestaturum
1149 558 1349 632 ingredi
1374 558 1500 612 sinit
1519 600 1533 621 ‚
1558 557 1723 611 comi—

163 673 238 709 ter
269 653 464 727 excipit
496 695 511 718 ‚
555 669 875 727 peramanter
912 652 1096 707 affatur
1132 671 1149 715 z,
1189 668 1341 723 atque
1384 666 1443 704 ut
1482 649 1724 703 blandius

159 748 466 811 demulceat,
490 747 723 800 oblatum
745 745 937 818 pileum
961 786 975 810 ‚
1000 742 1306 815 injuriosum
1326 742 1456 796 illud
1476 740 1724 795 libertatis

159 837 366 910 insigne
403 854 627 911 augusto
668 837 827 910 capiti
863 836 1118 909 imponit.
1163 836 1393 890 Coactus
1422 834 1628 906 quidem
1671 833 1725 887 id

158 929 329 992 fecit3
371 929 626 985 desiderio
666 946 838 983 tamen
879 944 1050 981 tantae
1080 926 1301 982 feritatis
1342 926 1664 979 deliniendae
1706 967 1722 988 ‚

160 1040 267 1075 non
291 1022 474 1075 timore
502 1037 713 1076 coactus
743 1042 756 1075 ε
800 1021 977 1075 nescia
1007 1020 1145 1074 enim
1183 1018 1385 1073 timoris
1425 1017 1725 1072 innocentia

158 1130 238 1167 est
271 1134 288 1177 ς
327 1115 469 1185 quod
504 1114 642 1167 idem
684 1113 794 1185 ipse
832 1112 1009 1168 testari
1050 1111 1224 1168 voluit
1256 1152 1271 1175 ‚
1311 1129 1434 1164 cum
1472 1126 1723 1182 arreptam

160 1204 313 1259 unius
350 1224 417 1259 ex
446 1205 511 1260 iis
549 1205 640 1277 qui
676 1206 887 1260 aderant
930 1203 1175 1260 satellitis
1208 1222 1420 1256 manum
1451 1201 1595 1274 regio
1636 1220 1724 1272 pe-

159 1296 296 1349 ctori
329 1297 600 1354 admovit:
646 1297 777 1350 illud
817 1296 1062 1350 nimirum
1102 1295 1248 1348 facto
1285 1294 1564 1347 ostendens
1600 1333 1615 1355 ‚
1659 1310 1725 1345 ne

159 1388 214 1442 in
242 1389 530 1460 asperrimis
563 1388 770 1460 quidem
793 1390 940 1442 rebus
962 1386 1212 1458 palpitare
1251 1386 1416 1440 solere
1449 1402 1540 1439 cor
1571 1383 1724 1437 inno-

164 1480 392 1534 centium
416 1497 468 1533 et
489 1480 702 1533 fortium
723 1479 956 1537 virorum
980 1518 993 1531 .

319 1572 471 1636 Quae
497 1589 666 1626 tamen
690 1588 830 1625 tanta
852 1585 1057 1642 repente
1096 1569 1374 1627 conversio
1396 1572 1415 1622 ?
1459 1567 1606 1634 Quid
1644 1566 1725 1637 inf-

159 1679 304 1718 sueta
327 1662 414 1716 illa
436 1663 780 1720 severitudo?
821 1662 969 1727 Quid
1012 1661 1171 1717 tristis
1210 1679 1261 1716 et
1298 1678 1537 1734 caperata
1578 1660 1724 1715 frons

159 1754 322 1808 animi
345 1755 615 1809 obfirmate
636 1754 910 1808 abnuentis
933 1754 1132 1809 index?
1175 1758 1326 1823 Quae
1357 1774 1508 1826 porro
1530 1753 1723 1824 reliqua

159 1866 238 1900 res
260 1864 368 1911 est,
407 1867 559 1918 quam
583 1847 869 1920 efflagitare
911 1847 1135 1919 populus
1176 1846 1343 1919 possit
1381 1887 1396 1910 ,
1436 1845 1725 1898 concedere

159 1939 279 1993 Rex
311 1939 483 1993 nolit?
525 1938 720 2010 dejure
760 1938 1069 1993 tributorum
1101 1937 1297 1992 remisit
1319 1979 1334 2002 ‚
1371 1935 1600 2009 corporis
1643 1934 1725 1990 sui

159 2031 424 2087 custodias
474 2032 741 2086 imminuit
785 2073 800 2097 ‚
853 2030 1023 2104 regiae
1074 2031 1260 2085 domus
1313 2047 1550 2101 sumptus
1596 2045 1726 2081 tem-

159 2126 362 2196 peravit
386 2167 400 2190 ,
439 2126 806 2180 auctoritatem
840 2166 855 2189 ‚
899 2123 1309 2178 dominationem
1333 2162 1349 2186 ‚
1393 2123 1680 2175 libertatem
1707 2160 1722 2182 ,

159 2217 386 2289 seipsum
428 2220 623 2290 populo
675 2217 884 2271 tradidit
931 2233 1085 2287 atque
1137 2214 1353 2271 devovit
1397 2254 1408 2265 .
1454 2209 1724 2282 Numquid

159 2308 301 2362 aliud
349 2309 710 2366 devovendum
760 2325 918 2363 restat
955 2312 974 2360 Ξ)
1027 2308 1150 2362 Una
1199 2305 1277 2359 illi
1319 2305 1373 2359 in
1415 2306 1510 2359 hac
1555 2320 1722 2357 rerum

159 2418 322 2472 prope
368 2400 600 2454 omnium
637 2400 937 2472 profusione
957 2398 1168 2472 Religio
1210 2414 1468 2468 supererat
1506 2437 1521 2460 ‚
1568 2413 1724 2466 quam

160 2510 193 2544 a
230 2491 336 2546 suis
388 2491 680 2563 Majoribus
717 2533 731 2556 ,
785 2490 1240 2547 Christianissimis
1287 2490 1521 2564 Regibus
1569 2507 1725 2542 acce-

159 2599 301 2654 ptam
342 2584 661 2638 carissimam
705 2603 903 2656 semper
952 2585 1198 2637 habuerat
1238 2603 1255 2646 ς
1305 2585 1402 2637 hac
1442 2601 1498 2636 se
1531 2581 1725 2653 spolia-

162 2673 207 2727 ri
248 2694 354 2727 non
401 2675 526 2730 sinit
568 2717 580 2730 .
635 2676 978 2748 Spurcissima
1024 2676 1117 2729 illa
1167 2692 1221 2730 et
1265 2675 1521 2729 teterrima
1573 2694 1724 2728 mon-

163 2782 268 2822 stra
307 2807 323 2832 ‚
365 2767 552 2842 quibus
593 2769 647 2823 in
696 2787 843 2824 tanta·
880 2788 1045 2825 rerum
1076 2769 1458 2842 perturbatione
1490 2768 1726 2825 excitan—
