2180 3537
1086 384 1155 436 ἢὲε
1205 394 1223 428 1
1239 392 1272 428 0
1314 386 1384 438 54-

465 487 716 542 creditum
739 505 769 540 a
791 489 906 540 Deo
934 503 1044 541 esse
1065 484 1347 562 putabat),
1382 505 1535 559 quam
1559 486 1662 540 cito
1685 487 1749 540 ad
1770 503 1996 544 veterem

465 579 663 632 Galliac
684 577 897 650 gloriam
919 576 1297 648 potentiamque
1332 578 1695 631 restituendam
1738 597 1791 632 se
1814 597 1996 634 contu-

457 670 537 722 lit?
557 671 677 734 Qua
695 667 841 721 celeri
851 684 949 719 tate
970 683 1145 737 portus
1164 667 1483 731 instauravit,
1499 668 1863 740 multiplicavit
1880 672 1995 741 pha-

456 779 538 813 ros
554 799 566 822 ,
591 757 791 815 navalia
814 757 1083 820 instruxit,
1108 757 1359 811 maximas
1380 759 1675 816 aedificavit
1693 761 1993 833 ornavitque

455 852 643 905 classes
667 853 685 902 ἓ
725 848 890 913 Quod
918 867 1080 903 unum
1103 867 1164 902 eo
1182 849 1327 922 Rege
1345 866 1545 923 gestum
1575 867 1652 905 est
1677 855 1857 909 navale
1886 855 1992 906 bel-

452 942 560 993 lum
575 981 590 1003 ,
612 955 807 1011 quanto
831 939 1071 994 classium
1094 956 1337 1012 apparatu
1356 956 1557 1013 gestum
1578 947 1680 996 est!
1711 945 1859 998 Mare
1881 945 1992 998 Bri-

455 1031 719 1085 tannicum
736 1071 749 1094 ,
772 1029 1205 1084 Mediterraneum
1220 1074 1233 1095 ‚
1255 1031 1539 1086 Asiaticum
1555 1076 1569 1098 ,
1588 1035 1956 1090 Americanum
1972 1079 1987 1101 ‚

451 1140 557 1176 non
580 1121 851 1192 disjunctis
872 1121 1047 1176 classis
1066 1141 1169 1176 una
1191 1123 1521 1194 temporibus,
1547 1126 1634 1178 sed
1651 1126 1819 1196 plures
1838 1126 1992 1181 simul

450 1214 851 1269 transmittentes
874 1214 928 1268 in
949 1232 1127 1268 omnes
1150 1213 1253 1267 fere
1274 1230 1514 1268 terrarum
1545 1217 1726 1288 plagas
1761 1217 1951 1272 milites
1971 1259 1986 1282 ‚

449 1306 625 1378 copias
650 1347 664 1370 ,
688 1321 1026 1369 commeatus,
1050 1305 1337 1364 redivivum
1361 1305 1562 1359 Galliae
1591 1307 1747 1360 decus
1770 1309 1988 1379 appelle-

447 1402 571 1453 bant
596 1440 607 1451 .
654 1399 955 1469 Improbent
994 1397 1082 1450 alii
1107 1438 1121 1460 ,
1161 1417 1249 1469 per
1285 1417 1366 1450 me
1406 1396 1530 1449 licet
1567 1437 1582 1460 ‚
1619 1397 1831 1467 hujusce
1865 1398 1987 1452 belli

449 1508 684 1545 caussam
708 1531 722 1554 ‚
759 1489 934 1546 varius
957 1488 1110 1543 fuerit
1133 1488 1467 1543 certaminum
1487 1487 1654 1543 exitus
1676 1508 1693 1551 ς
1729 1506 1882 1543 nemo
1911 1504 1986 1542 ta·

447 1601 569 1636 men
592 1581 802 1656 negabit
818 1622 834 1645 ,
876 1581 1095 1635 arbitror
1117 1621 1132 1644 ,
1177 1579 1398 1634 Galliam
1422 1598 1539 1634 cum
1563 1595 1716 1651 gente
1739 1598 1983 1652 congres-

447 1693 577 1737 sam,
597 1693 727 1745 quae
746 1673 811 1726 ad
829 1673 1064 1731 navalem
1085 1670 1410 1742 disciplinam
1430 1685 1481 1723 et
1497 1669 1714 1742 gloriam
1736 1685 1853 1723 nata
1875 1688 1984 1723 esse

442 1764 648 1821 videtur
669 1805 683 1827 ,
722 1781 773 1818 et
796 1763 1152 1837 magnitudine
1185 1762 1405 1826 virium,
1441 1778 1492 1815 et
1513 1754 1660 1833 copia
1681 1763 1982 1833 praedarum

441 1855 643 1910 efficere
665 1855 892 1927 potuisse
909 1897 922 1919 ,
941 1871 999 1909 ut
1019 1873 1198 1927 postea
1216 1854 1555 1926 ambigeretur
1576 1871 1690 1908 utra
1708 1853 1977 1908 maritimis

442 1949 594 2002 rebus
617 1947 759 2001 natio
781 1946 946 2019 magis
966 1947 1191 2002 valeret.
1230 1949 1340 2013 Jam
1364 1963 1480 1999 cum
1503 1944 1672 2018 gentis
1695 1951 1813 1999 suae
1844 1944 1980 2003 Vires

445 2038 517 2092 ita
546 2038 968 2092 LVDOVICVS
1004 2037 1358 2092 confirmasset
1374 2077 1388 2099 ‚
1423 2051 1482 2092 ut
1523 2054 1645 2089 curn
1685 2034 1980 2106 potentissi-

442 2128 543 2184 mis
581 2127 786 2201 populis
809 2129 871 2183 de
890 2128 1181 2201 principatu
1203 2127 1496 2193 dimicaret,
1529 2125 1637 2198 ejus
1658 2147 1862 2199 quoque
1883 2146 1976 2180 no-

441 2239 560 2275 men
584 2221 684 2273 late
716 2219 1090 2274 increbrescere
1111 2260 1126 2283 ‚
1168 2220 1305 2291 apud
1342 2236 1537 2274 ceteros
1556 2221 1785 2289 Europae
1804 2218 1976 2290 Reges

438 2311 715 2368 auctoritas
735 2312 903 2370 Valere
925 2353 939 2377 ,
983 2311 1121 2366 nulla
1159 2310 1269 2365 sine
1306 2310 1399 2363 illo
1437 2309 1610 2382 magni
1631 2307 1848 2378 alicujus
1870 2328 1978 2362 mo-

438 2403 601 2462 menti
633 2422 710 2458 res
742 2404 828 2477 agi
850 2445 865 2467 ,
911 2404 1111 2458 nullum
1151 2421 1214 2456 eo
1253 2402 1460 2456 nolente
1483 2442 1497 2465 ,
1542 2401 1626 2456 vel
1657 2399 1977 2471 imprudente

438 2496 632 2549 bellum
673 2513 762 2549 aut
797 2495 1006 2559 inferri,
1050 2510 1140 2548 aut
1162 2493 1442 2564 componi.
1482 2494 1548 2546 Et
1577 2511 1697 2546 sane
1734 2506 1975 2561 quantam

443 2585 554 2656 ejus
576 2587 937 2641 auctoritatem
960 2605 1037 2640 res
1060 2586 1149 2640 illa
1166 2585 1392 2639 declarat
1413 2625 1428 2648 ‚
1467 2584 1604 2655 quod
1623 2583 1872 2636 Moschos
1894 2581 1973 2635 in-

441 2694 519 2730 ter
540 2694 590 2731 et
611 2680 806 2732 Turcas
840 2676 1235 2749 compositionis
1273 2690 1452 2729 auctor
1488 2688 1622 2727 esset
1642 2714 1657 2737 ,
1699 2672 1838 2743 quod
1871 2673 1971 2725 Bo-

439 2768 653 2824 russiam
676 2787 793 2824 cum
819 2768 1029 2825 Austria
1054 2806 1070 2833 9
1111 2766 1375 2822 Austriam
1408 2784 1524 2822 cum
1547 2763 1757 2822 Batavia
1794 2763 1969 2819 conci-
