2180 3537
1010 371 1081 424 ’ψ’ψὲε
1126 379 1194 435 32
1236 374 1305 426 ξφ

388 490 671 533 conventus
708 475 897 530 bellum
933 474 1071 547 prior
1108 474 1380 530 indixisset
1402 516 1416 539 ,
1456 490 1544 529 aut
1577 474 1620 530 si
1655 470 1927 529 abstinuis-

383 584 461 620 set
486 587 574 638 per
596 587 799 621 omnem
823 569 1079 637 Europam
1104 566 1433 620 disseminare
1452 585 1600 620 suum
1623 566 1749 619 illud
1771 565 1930 619 licen-

385 658 485 711 tiae
522 674 572 711 et
605 657 871 711 seditionis
903 657 1113 710 exitiale
1143 658 1285 714 virus
1329 677 1342 710 ε
1386 658 1664 729 loquuntur
1710 657 1929 729 denique

381 750 478 821 ipsi
510 751 672 822 Regis
697 752 869 804 hostes
893 791 906 814 ,
950 749 1074 821 qui,
1119 769 1237 805 cum
1272 767 1373 805 tam
1397 749 1679 804 manifestis
1710 749 1853 822 pacis
1877 766 1929 804 et

377 842 685 896 concordiae
722 861 827 896 non
868 842 1026 894 modo
1048 840 1278 895 consiliis
1303 882 1317 905 ‚
1356 841 1621 895 sedetiam
1651 842 1925 897 conatibus

375 934 704 991 revincantur
725 975 738 998 ‚
781 954 843 989 ne
863 933 1133 990 videantur
1157 934 1358 988 haerere
1380 974 1394 997 ‚
1437 933 1594 987 alium
1630 933 1919 987 calumniae

376 1026 604 1079 colorem
642 1026 930 1079 obtendunt
950 1066 964 1089 ‚
1004 1024 1210 1096 perinde
1252 1041 1405 1097 atque
1445 1025 1532 1078 ille
1569 1025 1689 1079 belli
1730 1024 1924 1079 auxilia

374 1133 521 1170 extra
542 1136 754 1189 regnum
778 1116 998 1188 opperiri
1020 1158 1034 1180 ‚
1074 1137 1230 1187 quam
1264 1117 1319 1170 in
1353 1137 1511 1191 regno
1535 1136 1786 1171 arcessere
1809 1136 1917 1170 ma-

373 1208 552 1263 luisset
576 1229 591 1271 3
612 1228 790 1280 parum
812 1209 1018 1280 quidem
1040 1208 1250 1262 solliciti
1266 1250 1280 1273 ,
1305 1209 1348 1263 si
1383 1209 1553 1262 minus
1587 1208 1686 1262 sibi
1708 1207 1806 1279 ipsi
1830 1226 1919 1261 co-

372 1300 610 1354 haereant
629 1341 643 1364 ,
683 1301 839 1354 modo
861 1301 1058 1374 Regem
1082 1301 1257 1355 omnia
1279 1299 1385 1371 ejus
1421 1302 1555 1355 facta
1589 1316 1854 1372 carpentes
1873 1314 1924 1353 et

374 1390 426 1444 in
449 1389 671 1462 pejorem
693 1408 886 1464 partem
911 1393 1270 1463 detorquentes
1292 1407 1595 1465 oppugnent
1619 1432 1630 1444 .
1670 1391 1725 1444 Si
1748 1389 1882 1443 enim
1908 1431 1919 1454 ‚

375 1498 433 1536 ut
454 1502 637 1556 negare
674 1493 738 1538 ne
775 1483 873 1556 ipsi
895 1483 1102 1556 quidem
1143 1485 1334 1538 audent
1356 1526 1369 1549 ‚
1412 1503 1442 1537 a
1463 1484 1599 1537 bello
1622 1482 1923 1536 abhorrebat

376 1575 432 1628 in
455 1594 613 1649 regno
651 1618 666 1642 ‚
707 1576 906 1630 idcirco
947 1595 975 1630 e
1013 1595 1172 1649 regno
1206 1575 1377 1649 egredi
1405 1575 1633 1633 voluisse
1675 1572 1924 1628 dicendus

375 1684 453 1723 est
475 1710 489 1732 ,
531 1687 590 1722 ut
616 1669 756 1726 cives
780 1687 901 1723 suos
924 1669 1116 1723 bellum
1144 1668 1489 1741 efflagitantes
1513 1669 1576 1721 ad
1598 1667 1819 1723 consilia
1839 1684 1924 1737 pa·

371 1758 448 1812 cis
478 1801 491 1823 ‚
535 1761 673 1831 quod
693 1779 933 1832 praesens
972 1779 1076 1814 non
1114 1776 1316 1831 poterat
1338 1801 1353 1824 ‚
1397 1761 1582 1814 absens
1621 1773 1883 1816 revocaret
1906 1797 1916 1809 .

373 1851 517 1915 Quid
541 1893 555 1916 ,
593 1852 638 1906 si
679 1871 745 1904 ne
775 1851 946 1924 egredi
969 1852 1176 1924 quidem
1210 1871 1237 1906 e
1270 1852 1458 1925 Regno
1488 1849 1698 1908 Voluit?
1741 1849 1919 1914 Quare

369 1944 470 1998 sibi
492 1943 725 2018 fugiendi
749 1962 931 1999 caussa
955 1986 970 2011 ,
1005 1964 1108 2017 quo
1129 1943 1362 2017 fugiendi
1401 1962 1544 1997 mens
1583 1940 1767 2005 fuerit,
1804 1940 1916 2012 ipse

369 2036 610 2091 omnibus
631 2035 875 2107 patefecit
898 2057 915 2097 3
953 2051 1192 2106 tantaque
1215 2052 1321 2089 erat
1342 2055 1400 2090 ac
1427 2050 1531 2088 tam
1554 2047 1784 2104 spectata
1806 2029 1919 2101 ejus

369 2127 528 2182 animi
550 2126 814 2200 integritas
837 2141 989 2198 atque
1011 2124 1396 2198 ingenuitas,ut
1412 2123 1580 2179 omnis
1601 2124 1667 2176 ab
1689 2142 1752 2176 eo
1774 2140 1920 2176 men-

367 2218 506 2274 dacii
529 2235 579 2273 et
600 2218 942 2273 simulationis
963 2216 1190 2290 suspicio
1221 2218 1439 2272 facessat
1459 2258 1470 2270 .
1518 2213 1826 2288 Captivitati
1864 2230 1921 2266 se

367 2309 458 2363 ille
480 2328 599 2364 suae
621 2350 636 2375 ‚
675 2328 783 2363 non
803 2309 996 2381 patriae
1028 2308 1307 2380 surripuit:
1346 2308 1399 2362 in
1422 2307 1645 2379 aliquem
1677 2304 1821 2379 regni
1843 2304 1919 2357 Io·-

369 2420 488 2455 cum
512 2418 566 2454 se
587 2401 822 2454 conferre
844 2415 1086 2455 statuerat
1104 2441 1119 2464 ,
1156 2399 1247 2456 ubi
1280 2415 1330 2454 et
1351 2415 1532 2454 natura
1559 2396 1784 2472 regionis
1807 2437 1822 2461 ,
1861 2411 1913 2451 et

368 2490 597 2545 fidelium
620 2490 840 2545 militum
859 2507 1010 2563 atque
1027 2490 1312 2546 amicorum
1331 2489 1566 2546 custodia
1587 2488 1817 2543 munitus
1841 2501 1919 2541 tot

369 2602 506 2639 nova
526 2583 726 2637 decreta
746 2583 901 2637 libere
919 2599 969 2635 et
990 2582 1218 2656 cogitate
1237 2582 1568 2655 perpenderet
1588 2602 1604 2644 ς
1625 2599 1756 2651 quae
1778 2598 1805 2632 e
1827 2598 1917 2650 pa-

373 2674 467 2726 tria
489 2690 657 2727 essent
680 2715 694 2738 ‚
728 2674 947 2729 sanciret
969 2715 983 2738 ‚
1023 2693 1153 2747 quae
1175 2689 1354 2728 contra
1376 2673 1588 2746 patriam
1607 2672 1878 2743 abrogaret
1899 2688 1916 2723 :

372 2764 481 2820 fore
501 2765 654 2820 etiam
676 2767 884 2837 putabat
906 2806 920 2829 ,
943 2781 1000 2819 ut
1017 2805 1031 2830 ‚
1052 2781 1197 2818 tanto
1217 2762 1605 2836 perturbationis
1634 2777 1776 2817 aestu
1797 2774 1916 2833 post
