2180 3537
790 375 862 428 a?
904 383 975 440 43
1019 375 1091 428 ἥκει

156 499 393 540 caussam
417 479 867 554 defensionemque
889 480 1200 553 suscipiam:
1225 495 1490 551 suscepere
1512 475 1615 550 jam
1639 479 1711 532 di-

153 567 420 632 sertissimi
445 576 687 630 Oratores
707 617 721 641 ‚
764 593 985 648 quorum
1007 571 1300 644 eloquentia
1333 571 1587 628 invidiam
1622 588 1710 624 ca-

155 665 505 738 lumniamque
542 684 746 739 prorsus
784 663 1106 719 contudisset
1140 704 1155 727 ‚
1198 662 1243 717 si
1280 681 1382 734 qua
1418 662 1710 735 eloquentia

149 758 345 815 valeret
380 760 517 830 apud
537 760 816 830 praedones
853 773 904 810 et
937 755 1214 827 parricidas
1242 775 1259 807 ε
1301 754 1540 812 universa
1578 773 1709 826 pene

148 849 356 921 Europa
377 849 639 921 suscepit,
680 868 809 921 quae
830 848 1025 901 illatam
1044 845 1183 919 Regi
1205 860 1425 900 mortem
1460 844 1596 900 ferro
1627 866 1708 900 ara

148 941 347 1013 misque
369 942 684 1014 persequitur
705 961 717 994 ε
743 942 942 994 caelum
968 939 1140 1010 ipsum
1164 937 1449 1008 suscepisse
1469 937 1674 993 videtur
1691 978 1706 1000 ‚

147 1033 287 1103 quod
308 1034 372 1085 ad
393 1032 705 1103 expetendas
724 1030 858 1101 regii
888 1029 1151 1102 sanguinis
1180 1047 1373 1100 poenas
1412 1043 1489 1081 tot
1525 1028 1709 1082 infelix

150 1124 350 1178 Galliae
387 1142 602 1196 regnum
641 1138 846 1193 tamque
881 1121 1136 1175 luctuosis
1175 1119 1559 1174 calamitati-bus
1597 1140 1709 1192 pre-²

145 1217 244 1270 mit
261 1257 273 1269 .
318 1217 395 1269 Eo
417 1214 585 1269 omnis
607 1216 731 1267 haec
758 1233 874 1267 mea
896 1229 1097 1286 spectat
1118 1212 1318 1276 orati0‚
1361 1229 1419 1265 ut
1448 1211 1711 1285 intel'liga·³

148 1324 230 1362 t-ur
260 1348 276 1373 ‚
318 1307 504 1380 quibus
536 1305 858 1378 propositum
899 1320 1006 1359 erat
1043 1347 1057 1369 ‚
1099 1320 1159 1358 ut
1200 1303 1493 1358 Christiana
1523 1303 1709 1377 religio

148 1400 409 1453 tolleretur
445 1419 472 1453 e
511 1398 717 1463 Gallia,
761 1400 827 1452 ab
864 1398 928 1452 iis
966 1396 1415 1471 religiosissimum
1452 1396 1654 1469 Regem
1692 1439 1707 1462 ‚

146 1511 252 1564 quo
273 1492 400 1548 Vivo
427 1507 626 1545 tantum
651 1491 819 1545 scelus
843 1490 1088 1562 perficere
1119 1507 1224 1542 non
1249 1488 1539 1560 potuissent
1555 1529 1570 1552 ‚
1591 1504 1710 1541 ante

146 1602 356 1637 omnem
386 1582 743 1654 quaestionem
765 1583 942 1636 animo
975 1601 1069 1637 suo
1092 1579 1196 1652 jam
1219 1599 1271 1635 et
1291 1580 1538 1652 opinione
1571 1582 1707 1634 dam-

146 1690 359 1727 natum:
393 1695 553 1729 unum
591 1691 643 1727 et
678 1694 860 1731 Verum
883 1674 1021 1728 illius
1044 1673 1243 1728 crimen
1273 1673 1432 1729 fuisse
1467 1675 1708 1729 obfirma-

145 1766 321 1820 tamin
339 1766 605 1839 religionis
619 1766 955 1819 Administris
978 1765 1311 1820 defendendis
1334 1766 1707 1831 constantiam,

143 1876 251 1928 quo
273 1857 472 1910 nullum
494 1856 700 1930 gravius
718 1897 733 1921 ‚
777 1857 977 1911 nullum
999 1856 1226 1911 atrocius
1249 1859 1385 1929 apud
1428 1874 1529 1913 tam
1568 1860 1707 1931 capi-

146 1948 271 2002 tales
294 1947 557 2022 religionis
577 1950 752 2003 hostes
774 1967 885 2003 esse
905 1965 1104 2021 poterat
1124 1970 1141 2013 ς
1160 1950 1245 2004 cui
1270 1971 1375 2005 non
1397 1952 1541 2025 regni
1563 1953 1702 2007 abdi-

147 2040 406 2095 cationem
428 2082 442 2105 a
486 2059 593 2094 non
615 2040 971 2113 captivitatem
990 2083 1005 2106 ‚
1051 2061 1159 2095 non
1182 2041 1397 2096 exilium
1419 2084 1433 2107 2.
1477 2045 1567 2097 sed
1586 2086 1600 2108 ,
1641 2063 1706 2098 ne

142 2133 383 2190 renovari
419 2133 694 2206 aliquando
730 2152 904 2205 posset
952 2175 966 2198 ‚
1023 2153 1182 2188 unam
1232 2153 1449 2189 mortem
1486 2135 1704 2207 punien-

142 2223 211 2277 do
231 2243 405 2295 parem
427 2240 671 2297 putarunt
695 2266 707 2279 .
751 2225 916 2298 Atqui
938 2242 1120 2280 contra
1150 2245 1331 2281 omnes
1367 2228 1504 2301 leges
1549 2249 1705 2302 agen-

143 2315 268 2368 dum
291 2331 367 2369 est
385 2357 399 2379 ,
442 2332 620 2371 contra
658 2337 869 2372 omnem
907 2319 1276 2373 humanitatem
1302 2362 1312 2373 .
1340 2321 1487 2385 Quid
1517 2323 1702 2375 refert?

144 2406 324 2462 Plures
348 2408 531 2472 exiiS‚
570 2410 661 2480 qui
693 2411 754 2463 de
792 2411 953 2483 Regis
992 2411 1160 2482 capite
1197 2409 1471 2480 judicaturi
1509 2432 1704 2470 conve-

142 2517 323 2554 nerant
366 2500 493 2554 tanti
535 2499 781 2555 facinoris
824 2502 1144 2556 conscientia
1184 2503 1404 2574 permoti
1448 2504 1703 2576 trepidant

143 2591 401 2662 animique
422 2594 644 2663 pendent
665 2587 680 2646 :¹
719 2612 896 2647 eorum
919 2593 1163 2667 suffragi-a
1195 2612 1283 2649 aut
1318 2596 1484 2668 pretio
1523 2617 1703 2651 emun-

143 2695 254 2744 tur,
297 2697 386 2734 aut
408 2682 689 2738 intentatae
713 2685 889 2740 caedis
928 2702 1115 2741 terrore
1154 2704 1521 2759 extorquentur
1545 2731 1555 2742 .
1601 2691 1702 2742 Po-

140 2771 319 2842 pulum
343 2772 438 2828 etsi
458 2773 626 2830 furore
667 2793 958 2849 correptum
981 2819 998 2842 ‚
1041 2779 1278 2851 sanguini
1302 2779 1495 2851 jamdiu
1532 2801 1703 2836 assue-

1117 2872 1226 2925 da
