2180 3537
763 386 834 438 a&
881 391 950 448 39
992 379 1064 433 ³44⁶

132 497 369 554 miseram
392 492 533 547 illam
558 485 914 560 captivitatem
936 484 1124 555 queat?
1165 479 1433 544 Huccine‚
1478 478 1594 533 Rex
1615 478 1688 532 in—

128 587 425 646 felicissime
448 623 464 647 ,
509 598 594 634 tua
631 578 686 632 in
721 575 936 649 patriam
974 574 1156 628 merita
1191 592 1395 630 evasere
1430 575 1449 625 ἒ
1493 572 1686 625 Ideone

128 699 282 736 omne
304 698 332 731 e
355 676 457 730 tuis
481 673 685 730 civibus
718 666 1033 740 captivitatis
1051 665 1133 736 jus
1156 664 1406 720 sustulisti
1426 706 1440 728 ,
1483 679 1542 717 ut
1577 679 1687 715 tuo²

128 791 241 827 rum
282 785 337 824 tu
379 766 575 823 civium
598 762 835 835 captivus
858 760 1005 814 fieres
1040 763 1059 812 ἓ
1110 757 1338 812 Vetuisti
1362 799 1376 821 ,
1421 753 1687 810 tormentis

132 863 304 937 quaeri
326 862 380 914 in
403 877 516 914 reos
533 899 549 922 ,
570 872 629 911 ut
651 870 706 908 tu
727 853 978 906 innocens
1001 851 1054 903 in
1078 849 1428 922 quaestionem
1452 847 1692 901 omnium.

129 954 460 1010 durissimam
481 949 762 1020 abriperere
785 949 803 998 ?
846 943 1083 998 Sontium
1107 960 1334 996 carceres
1358 940 1545 995 salubri
1568 940 1690 992 loco

129 1062 183 1101 et
203 1041 453 1118 perflabili
475 1059 585 1095 esse
604 1037 818 1095 voluisti
838 1078 852 1100 ‚
895 1054 952 1090 ut
973 1034 1144 1109 gravis
1171 1033 1263 1087 tibi
1289 1031 1527 1087 custodia
1548 1049 1599 1084 et
1621 1045 1692 1084 te-

128 1136 397 1194 nebricosa
421 1132 748 1203 contingeret
770 1132 789 1182 ‚2
831 1128 940 1193 Qui
961 1145 1086 1183 vero
1110 1125 1348 1180 custodes
1371 1128 1389 1177 ἓ
1432 1143 1585 1195 quam
1610 1121 1692 1175 tri-

131 1231 270 1283 stes!
316 1245 469 1297 quam
506 1224 878 1278 inclementes!
924 1221 1103 1290 Neque
1141 1216 1317 1270 mitius
1354 1236 1506 1288 quam
1526 1216 1644 1268 Rex
1677 1255 1692 1277 ,

131 1318 297 1391 Regia
308 1319 475 1380 Uxor,
499 1331 550 1369 et
561 1317 716 1368 Soror
737 1315 1003 1367 habentur:
1026 1311 1135 1383 ipsa
1156 1309 1315 1363 animi
1338 1308 1390 1361 in
1415 1306 1696 1361 miserrima

129 1408 433 1481 captivitate
457 1406 716 1460 toleranda
739 1404 1044 1478 magnitudo
1066 1402 1196 1459 vitio
1219 1402 1297 1456 illi
1320 1400 1535 1458 vertitur
1559 1420 1577 1462 ς
1616 1418 1695 1452 ar-

133 1498 422 1572 rogantiam
443 1540 457 1562 ‚
490 1496 778 1569 superbiam
800 1512 995 1552 vocant
1019 1516 1032 1547 ε
1078 1493 1280 1548 alterius
1303 1492 1548 1549 virtutem
1572 1510 1693 1545 cum

133 1590 501 1647 calumniando
525 1587 577 1641 in
600 1588 796 1642 crimen
817 1588 1111 1659 detorquere
1136 1605 1239 1640 non
1265 1584 1466 1656 possint
1485 1626 1498 1649 ‚
1526 1600 1694 1637 castas

136 1701 280 1736 aures
302 1681 512 1736 incestis
535 1681 760 1734 lacerant
780 1680 950 1736 Verbis
971 1721 984 1744 ,
1027 1678 1351 1736 verecundiae
1373 1677 1700 1748 impudenter

135 1772 385 1828 insultant
409 1813 420 1825 .
465 1771 599 1837 Quis
622 1790 746 1827 Vero
772 1786 873 1824 tam
895 1770 1069 1824 animo
1098 1770 1284 1842 agresti
1324 1788 1383 1823 ac
1426 1768 1554 1821 duro
1587 1786 1699 1823 esse

136 1880 308 1936 potest
329 1904 343 1926 ‚
386 1884 537 1935 quem
560 1882 831 1935 parvorum
872 1863 1121 1918 Filiorum
1144 1862 1445 1917 innocentia
1485 1878 1537 1915 et
1573 1879 1697 1915 can-

137 1956 232 2009 dor
254 1954 341 2008 ille
361 1955 566 2027 puerilis
590 1973 695 2008 non
719 1954 785 2008 ad
806 1954 1208 2010 misericordiam
1231 1953 1499 2007 alliciant?
1531 1952 1698 2025 Atqui

139 2046 458 2117 contemptui
478 2048 666 2100 habent
684 2087 699 2109 ‚
737 2045 982 2109 irrident;
1023 2048 1088 2100 ad
1118 2065 1296 2101 omnes
1333 2047 1418 2102 vel
1456 2045 1700 2103 suavissi-

140 2156 250 2192 mas
271 2138 604 2192 humanitatis
626 2137 886 2192 illecebras
909 2139 1259 2192 obdurescunt
1283 2179 1295 2190 .
1341 2139 1590 2192 Nondum
1630 2153 1701 2191 ta-

139 2248 260 2283 men
293 2244 396 2283 tam
434 2229 742 2283 immanium
779 2230 1026 2283 furiarum
1062 2245 1352 2284 exsaturata
1390 2228 1662 2283 crudelitas
1687 2260 1732 2294 ,-

140 2320 330 2392 quibus
350 2361 364 2384 ‚
409 2323 536 2393 proh
558 2322 706 2376 dolor
730 2326 740 2375 Ξ
778 2340 828 2376 et
848 2342 999 2394 quam
1019 2322 1170 2378 novis
1193 2341 1446 2393 quamque
1469 2320 1700 2374 acerbio-

143 2412 282 2466 ribus
305 2412 633 2468 irritamentis
656 2414 846 2486 regiam
872 2414 1217 2468 constantiam
1251 2412 1495 2467 lacessit?
1540 2411 1704 2465 Nobi-

143 2504 367 2560 lissimae
390 2547 404 2569 ‚
424 2521 475 2558 et
496 2505 656 2579 Regis
677 2548 690 2569 ,
714 2506 1044 2578 Reginaeque
1066 2504 1412 2559 amicissimae
1430 2505 1708 2557 Matronae

146 2613 302 2667 caput
338 2597 631 2654 cervicibus
669 2596 843 2651 fractis
882 2597 1192 2650 abscindunt
1223 2637 1236 2659 ,
1280 2595 1433 2666 idque
1471 2594 1706 2648 adfixum

149 2704 406 2758 gestantes
430 2688 482 2741 in
505 2690 613 2761 pilo
633 2731 647 2753 ,
690 2709 796 2742 rem
817 2688 930 2745 visu
955 2688 1295 2742 miserabilem
1319 2692 1329 2740 Ξ
1377 2707 1555 2740 eorum
1578 2705 1708 2739 ocu-

149 2777 213 2832 lis
235 2776 515 2850 subjiciunt
532 2821 543 2834 .
587 2783 719 2836 Tam
742 2780 929 2836 atrocis
951 2780 1231 2853 spectaculi
1253 2782 1460 2834 horrore
1501 2795 1709 2849 oppres-
