2180 3537
1020 370 1091 424 vt&
1134 376 1205 432 50
1246 368 1317 422 ἐή»

386 493 542 537 tatem
578 475 946 533 ostendendam
983 473 1366 549 significantius
1400 513 1415 539 ,
1457 485 1612 547 quam
1653 467 1740 525 ille
1783 468 1947 526 animi

386 575 535 629 dolor
557 613 571 636 ,
593 591 695 644 quo
718 589 771 625 se
793 572 859 624 ob
883 569 1170 641 appositam
1193 609 1208 633 ‚
1249 567 1376 621 licet
1398 564 1562 623 invite
1585 605 1599 628 ‚
1633 561 1817 619 vestris
1840 562 1947 617 illis

382 662 598 720 decretis
621 660 1051 734 subscriptionem
1073 659 1214 714 affici
1239 663 1486 713 testatur?
1531 656 1678 722 Quid
1696 654 1946 710 Christia-

381 774 453 812 no
475 759 644 810 Heroe
670 753 876 828 dignius
899 795 914 819 ‚
937 773 1087 825 quam
1107 771 1356 826 generosa
1378 750 1466 804 illa
1481 749 1635 807 venia
1658 791 1673 814 ‚
1696 768 1797 821 qua
1814 747 1950 816 iniu-

380 848 662 903 stissimam
703 847 802 902 sibi
841 866 871 900 a
906 846 1058 904 vobis
1102 844 1393 900 conscitam
1436 861 1617 898 necem
1659 843 1893 915 rependit
1931 845 1946 896 Ξ

379 939 526 1006 Quas
555 940 914 994 LVDOVICI
944 939 1163 995 Virtutes
1200 937 1402 1010 quoties
1424 936 1478 991 in
1502 938 1601 991 hoc
1640 942 1947 991 testamento

380 1032 655 1105 posteritas
678 1032 957 1086 intuebitur
978 1051 1037 1085 ac
1062 1031 1391 1085 demirabitur
1409 1071 1426 1095 ,
1452 1029 1602 1084 toties
1625 1028 1781 1083 etiarn
1803 1028 1950 1101 cogi·-

382 1124 514 1178 tabit
532 1166 544 1188 ‚
559 1145 710 1195 quam
732 1124 819 1178 ille
842 1123 983 1178 mitis
1006 1122 1106 1177 fuit
1122 1165 1137 1188 ‚
1158 1139 1262 1178 tam
1284 1143 1381 1182 Vos
1404 1122 1633 1177 crudeles
1651 1142 1667 1185 ;
1686 1141 1838 1194 quam
1862 1120 1952 1175 ille

381 1217 675 1269 moderatus
694 1257 708 1279 ‚
754 1233 857 1269 tam
879 1236 974 1272 vos
998 1216 1398 1287 intemperantes
1423 1236 1440 1279 ;
1480 1235 1636 1289 quam
1662 1216 1750 1269 ille
1771 1217 1950 1268 huma-

380 1326 477 1361 nus
500 1322 550 1361 et
572 1307 861 1381 religiosus,
878 1323 983 1361 tam
1003 1327 1098 1365 Vos
1121 1309 1389 1363 hominum
1412 1329 1574 1381 aeque
1597 1329 1657 1363 ac
1682 1308 1951 1387 religionis

382 1398 624 1454 inimicos
646 1401 804 1455 fuisse
823 1442 834 1454 .
884 1402 932 1456 O
956 1420 1051 1458 Vos
1081 1401 1243 1475 igitur
1273 1401 1562 1456 miseriores
1583 1443 1598 1465 ‚
1640 1421 1794 1474 quam
1826 1400 1915 1454 ille
1934 1442 1950 1466 ‚

377 1511 529 1563 quem
551 1512 647 1548 Vos
670 1493 1011 1548 miserrimum
1035 1513 1144 1550 esse
1166 1494 1408 1553 voluistis
1430 1499 1442 1547 1
1477 1494 1702 1549 Dolores
1736 1494 1822 1549 ille
1843 1513 1952 1566 per-

377 1583 498 1636 tulit
520 1604 738 1658 magnos
758 1627 772 1650 ,
795 1586 1182 1642 acerbissimam
1206 1604 1425 1643 mortem
1448 1588 1664 1662 oppetiit
1685 1610 1698 1644 ε
1741 1605 1794 1643 at
1821 1606 1951 1661 quae

377 1674 776 1748 dolorum‚quae
798 1678 978 1734 mortis
1002 1699 1194 1735 merces
1216 1684 1228 1732 Ξ
1249 1701 1403 1752 quam
1425 1683 1577 1737 bonis
1599 1683 1841 1738 omnibus
1866 1683 1950 1736 de-

378 1765 531 1821 fletus
555 1768 750 1823 occidit
778 1772 791 1821 Ξ
835 1788 965 1842 quae
1001 1771 1196 1843 gloriae
1234 1791 1446 1826 munera
1481 1773 1672 1845 ubique
1710 1773 1949 1846 gentium

375 1858 737 1927 persolvuntur
756 1858 867 1924 illi,
900 1880 1030 1933 quae
1051 1862 1441 1934 persolventur!
1486 1866 1599 1920 Vos
1624 1881 1806 1918 contra
1843 1883 1953 1920 sce-

377 1950 541 2006 lerum
577 1969 866 2009 vestrorum
905 1955 1243 2012 conscientiis
1271 1957 1571 2013 domesticis
1603 1959 1768 2017 veluti
1803 1942 1952 2013 furiis

378 2043 610 2111 quotidie
652 2044 950 2115 perterreri,
994 2047 1353 2122 dementiaque
1373 2048 1515 2105 affici
1536 2067 1794 2124 praetereo
1821 2071 1835 2104 ε
1879 2050 1951 2106 si·

378 2132 465 2185 leo
486 2131 588 2204 jam
607 2136 774 2207 plures
794 2156 859 2191 cx
880 2136 1029 2194 Vobis
1052 2139 1283 2210 proditos
1301 2182 1317 2206 ,
1338 2142 1587 2216 profugos
1608 2184 1621 2206 ,
1656 2158 1910 2197 mactatos
1929 2182 1945 2207 ,

377 2225 545 2295 plures
564 2224 667 2296 jam
689 2245 900 2301 captos,
938 2246 990 2285 et
1010 2231 1206 2289 meritis
1243 2253 1371 2290 mox
1406 2234 1676 2307 suppliciis
1714 2250 1949 2289 mactan-

379 2317 476 2371 dos
497 2359 508 2370 .
552 2319 801 2375 Omnium
823 2342 955 2394 pene
977 2325 1211 2398 Europae
1231 2326 1438 2400 Regum
1457 2368 1473 2392 ‚
1509 2346 1639 2400 quos
1662 2345 1713 2382 et
1736 2326 1948 2383 amicis-

378 2407 513 2464 simo
534 2410 680 2486 Rege
702 2415 904 2469 sublato
925 2458 940 2481 ,
959 2432 1011 2471 et
1031 2417 1231 2472 nefario
1254 2418 1457 2475 indicto
1478 2420 1619 2475 bello
1638 2463 1653 2487 ‚
1690 2437 1742 2476 et
1764 2422 1946 2476 crude-

375 2499 587 2559 lissimis
608 2504 661 2559 in
685 2524 863 2563 eorum
883 2509 1118 2583 regiones
1137 2512 1396 2569 latronum
1413 2532 1557 2569 more
1575 2514 1946 2588 irruptionibus

379 2593 529 2648 sactis
552 2595 806 2653 incitastis
823 2641 838 2663 ‚
863 2620 971 2672 quo
994 2604 1198 2658 tandem
1220 2604 1347 2660 iram
1386 2624 1674 2661 recasuram
1708 2606 1900 2678 putatis
1924 2610 1945 2661 ἓ

376 2683 458 2739 Ex
481 2687 761 2756 provinciis
784 2732 800 2755 ‚
842 2714 966 2765 quas
992 2696 1184 2768 rapinis
1206 2738 1220 2761 ‚
1245 2697 1486 2752 caedibus
1505 2738 1520 2761 ,
1559 2697 1842 2773 sacrilegiis
1861 2699 1946 2753 in-

374 2775 624 2848 quinastis
642 2819 657 2846 ,
684 2782 894 2854 turpiter
918 2800 968 2839 ta
984 2788 1137 2842 ndem
1163 2788 1368 2862 expulsi
1394 2789 1631 2867 forasque
1653 2791 1870 2866 projecti
1891 2792 1948 2849 in
