2180 3537
796 362 866 413 νὴ(
904 368 978 423 23
1024 357 1094 408 ³¹34-

161 473 435 545 quemdam
458 472 719 524 errorem?
763 466 864 521 Sed
899 469 1011 522 alea
1060 464 1125 519 ab
1166 481 1228 517 eo
1263 459 1399 532 jacta
1434 456 1536 529 jam
1576 473 1715 512 erat:

161 566 250 621 uni
270 606 284 628 ‚
326 564 380 616 in
400 582 504 634 quo
524 561 701 634 populi
723 581 840 634 spes
863 559 1035 614 omnis
1057 558 1155 613 sita
1175 571 1283 609 erat
1300 596 1314 619 ‚
1353 550 1528 607 omnia
1550 550 1717 604 crede-

152 674 212 712 ·re
231 698 245 721 ,
289 655 416 709 nihil
455 674 644 728 negare
683 655 849 710 satius
894 673 1003 708 esse
1045 649 1193 705 duxit
1217 690 1232 712 ‚
1276 666 1427 720 quam
1473 643 1720 716 populum

159 765 458 819 exasperare
480 789 495 813 ‚
539 746 868 817 Galliamque
890 746 945 800 in
969 760 1112 799 tanto
1134 758 1422 813 temporum
1458 737 1719 792 turbulen-

159 839 475 896 tissimorum
500 856 645 894 motu
666 840 874 911 perdere
896 880 910 902 ‚
933 838 976 893 si
997 837 1276 908 quidquam
1297 831 1374 885 illi
1397 832 1670 902 denegaret
1698 869 1714 893 ‚

159 948 248 985 aut
268 930 374 1002 ejus
395 930 679 1005 integritati
710 929 1107 1002 prudentiaeque
1145 927 1230 984 vel
1266 923 1547 997 paullulum
1588 919 1720 975 diffi-

86 1100 90 1103 ι
160 1024 275 1077 dere
298 1023 557 1080 videretur
576 1064 588 1075 .

314 1116 494 1168 Aucto
515 1113 854 1168 factiosorum
878 1109 1120 1185 postremi
1145 1108 1340 1163 ordinis
1375 1105 1586 1161 Civium
1621 1122 1716 1157 nu-

158 1224 318 1269 mere),
342 1222 494 1260 aucta
515 1226 716 1278 quoque
737 1205 952 1259 audacia
972 1219 1048 1258 est
1068 1223 1081 1257 ε
1108 1200 1363 1256 teterrima
1386 1196 1600 1252 consilia
1624 1214 1715 1267 pa-

160 1299 348 1352 tefacta
381 1341 395 1364 ‚
428 1299 840 1353 facinorosorum
864 1296 1139 1350 multitudo
1159 1292 1394 1348 mercede
1416 1289 1677 1344 conducta
1698 1328 1714 1350 ‚

156 1390 273 1442 Rex
297 1389 676 1445 circumventus
694 1430 708 1453 ,
750 1389 804 1443 in
837 1387 1112 1443 discrimen
1131 1386 1380 1439 adductus
1403 1424 1415 1435 .
1460 1382 1538 1436 Eo
1562 1379 1718 1433 nimi-

156 1499 269 1536 rum
289 1481 491 1535 illarum
531 1481 750 1552 pestium
789 1480 958 1534 minae
994 1479 1298 1551 spectabant
1320 1516 1334 1539 ‚
1377 1491 1434 1529 ut
1469 1473 1714 1528 adversos

154 1571 437 1642 primorum
460 1572 715 1636 ordinum,
730 1571 817 1644 qui
839 1592 904 1626 ex
924 1568 1216 1624 fortissimis
1235 1566 1493 1639 Regisque
1516 1562 1716 1618 studio-

155 1660 370 1716 sissimis
389 1663 514 1721 viris
537 1665 860 1726 constabant,
881 1678 1097 1716 conatus
1120 1675 1428 1732 superarent,
1451 1657 1717 1714 virtutem-

154 1773 254 1824 que
275 1755 541 1826 proposito
564 1754 724 1828 Regis
746 1753 974 1826 periculo
996 1753 1333 1825 infringerent
1355 1795 1364 1803 .
1396 1748 1573 1804 Furori
1597 1767 1715 1820 pru-

156 1846 330 1899 dentia
352 1889 366 1911 ‚
411 1848 697 1902 moderatio
739 1847 893 1902 cessit
935 1845 1217 1906 audaciae3
1258 1863 1376 1896 nam
1409 1839 1594 1913 optimi
1638 1839 1716 1893 illi

155 1937 398 1994 Proceres
438 1939 705 2004 timentes,
750 1958 915 2011 nequa
952 1935 1088 2009 Regi
1125 1934 1205 1993 vis
1243 1933 1542 1996 inferretur,
1586 1949 1714 1985 con-

156 2030 367 2084 sternari
413 2032 582 2104 primo
623 2074 637 2096 ‚
692 2030 877 2085 deinde
924 2030 1072 2084 silere
1107 2070 1123 2093 ‚
1165 2042 1272 2081 tum
1311 2023 1454 2081 vinci
1491 2042 1544 2077 se
1577 2022 1714 2076 sine-

157 2139 246 2183 re;
288 2121 506 2195 deniqne
526 2122 580 2176 in
603 2122 806 2177 tertium
828 2120 1054 2194 plerique
1085 2118 1319 2173 ordinem
1355 2113 1715 2186 transmigrare

156 2211 324 2266 coacti
349 2232 559 2286 regnum
584 2215 727 2288 regni
751 2213 986 2268 hostibus
1012 2211 1324 2266 tradiderunt
1342 2251 1357 2273 ‚
1402 2208 1464 2261 de
1497 2225 1602 2278 quo
1624 2225 1712 2277 po-

158 2301 258 2356 tius
285 2324 438 2374 quam
461 2306 523 2359 de
544 2307 691 2379 Rege
722 2322 897 2361 actum
928 2324 1037 2361 esse
1070 2304 1367 2358 malebant.
1420 2302 1465 2355 O
1502 2318 1710 2354 caecam

158 2400 331 2466 spem!
378 2398 424 2451 O
447 2414 818 2470 praeposteram
843 2396 1240 2471 cogitationem!
1285 2396 1436 2461 Quae
1476 2410 1578 2445 una
1614 2390 1714 2442 Re-

138 2484 143 2488 ’
157 2485 238 2557 gis
261 2488 498 2544 servandi
521 2488 651 2542 ratio
672 2508 780 2542 esse
800 2489 1071 2546 videbatur
1090 2526 1104 2550 ,
1143 2506 1296 2558 quam
1320 2485 1427 2537 cito
1465 2483 1519 2536 in
1549 2479 1712 2553 Regis

161 2577 377 2633 exitium
401 2578 615 2635 recidit!
660 2580 820 2645 Quod
844 2595 918 2632 tot
941 2580 1143 2652 Regum
1167 2578 1368 2630 decreta
1403 2586 1677 2629 sanxerant
1695 2609 1711 2633 ‚

165 2681 242 2718 tot
264 2668 460 2725 Galliae
483 2688 835 2728 conventuum
866 2671 1147 2726 inveterata
1184 2666 1507 2722 consuetudo
1546 2664 1714 2718 firma-

163 2776 308 2814 verat
332 2782 348 2826 ;
389 2763 442 2817 in
463 2783 564 2836 quo
587 2763 781 2822 civium
806 2761 1084 2818 concordia
1103 2802 1117 2826 ,
1156 2758 1322 2834 gentis
1345 2756 1510 2831 gloria
1531 2797 1544 2821 ,
1568 2751 1714 2827 regni
