2180 3537
798 368 869 420 454
915 386 979 440 37
1023 365 1094 418 ³5⁴³?
1134 376 1136 381 '

157 503 278 541 rum
300 477 614 536 Antistitum
647 475 898 548 pecuniae
921 517 935 540 ‚
972 475 1198 549 direptae
1235 476 1571 535 Sacerdotum
1619 481 1718 535 for-

163 593 349 639 tunae,
393 568 675 625 Christiani
712 566 898 641 Gregis
936 568 1174 623 Pastores
1206 589 1234 622 e
1257 570 1362 625 suis
1399 572 1606 628 sedibus
1630 593 1720 628 ex-

160 667 332 741 pulsi,
373 659 609 734 sacrilegi
648 659 959 734 religionum
982 661 1215 716 Ministri
1239 704 1253 726 ‚
1294 680 1516 735 raptores
1553 707 1566 729 ‚
1609 665 1717 738 lupi

156 760 212 813 in
232 776 411 812 eorum
434 757 609 810 locum
631 751 857 815 suffecti3
884 753 1072 824 templa
1093 753 1330 825 spoliata,
1347 755 1543 810 dirutae
1565 775 1680 809 arae
1697 797 1712 820 ,

155 850 384 922 aliaeque
425 866 688 903 sacrorum
711 843 1122 917 religionumque
1149 844 1462 902 violationes
1484 846 1716 901 innume-

154 942 342 997 rabiles
365 982 379 1005 ‚
402 959 530 1012 quae
553 933 945 993 commemorari
966 934 1078 988 sine
1099 937 1308 990 horrore
1330 956 1434 990 non
1457 955 1674 1009 possunt
1698 958 1714 991 ε

154 1033 249 1088 etsi
274 1031 681 1086 Christianorum
708 1027 886 1082 Fidem
922 1027 1149 1081 maxime
1177 1028 1541 1084 imminuerant
1561 1047 1714 1103 atque

151 1123 538 1179 infirmaverant
559 1119 839 1183 ;Videbant
863 1134 1030 1172 tamen
1051 1161 1066 1183 ‚
1090 1139 1144 1174 se
1166 1119 1292 1177 vivo
1305 1121 1448 1194 Rege
1471 1141 1575 1175 non
1602 1139 1716 1177 tan-

157 1230 265 1269 tum
302 1213 549 1277 nomine,
589 1211 680 1266 sed
719 1229 771 1265 re
814 1210 1258 1266 Christianissimo
1300 1211 1441 1266 illam
1474 1234 1504 1267 a
1543 1213 1716 1267 Gallia

151 1306 417 1361 eliminare
446 1347 460 1370 ‚
504 1303 644 1377 quod
687 1303 854 1357 fixum
897 1301 1310 1375 destinatumque
1351 1305 1529 1359 animo
1568 1322 1712 1369 erat,

152 1416 357 1472 prorsus
390 1416 494 1450 non
530 1414 682 1467 posse
703 1434 714 1447 .

310 1491 486 1560 Itaque
507 1486 685 1542 sceleri
723 1485 954 1540 omnium
979 1486 1208 1540 maximo
1247 1487 1582 1542 conficiendo
1610 1503 1716 1542 sta-

154 1597 292 1637 tutus
331 1601 362 1635 a
398 1579 664 1653 parricidis
707 1579 815 1634 dies
858 1579 1143 1642 adventat3
1186 1577 1331 1649 cujus
1372 1597 1493 1634 cum
1529 1579 1717 1634 certior

153 1675 271 1729 Rex
305 1673 472 1728 factus
497 1686 663 1736 esset,
695 1670 923 1743 corporis
947 1670 1025 1725 sui
1050 1670 1301 1725 custodiis
1339 1670 1528 1735 edicit,
1568 1691 1631 1725 ne
1671 1669 1718 1726 si

150 1765 274 1838 quid
312 1763 639 1837 popularium
680 1765 938 1816 turbarum
981 1761 1122 1817 circa
1162 1762 1359 1835 regium
1389 1762 1716 1817 domicilium

149 1857 342 1910 oriatur
365 1897 378 1920 ‚
398 1855 507 1911 Vim
530 1854 749 1907 inferant
771 1853 996 1926 cuipiam
1022 1874 1038 1917 3
1075 1870 1134 1907 ut
1154 1854 1330 1909 mitius
1355 1896 1369 1919 ,
1407 1856 1577 1926 quoad
1600 1855 1713 1909 fieri

151 1964 357 2022 potest,
396 1965 519 2002 cum
556 1947 750 2020 populo
792 1962 984 2021 agant,
1029 1948 1288 2001 hortatum
1328 1963 1380 2001 et
1412 1967 1618 2003 suasum
1660 1947 1716 2005 vi

153 2054 206 2094 et
226 2039 381 2095 armis
403 2080 418 2103 ,
456 2057 597 2092 arma
615 2055 667 2092 et
687 2038 797 2093 vim
821 2058 871 2091 re
894 2039 1159 2110 desperata
1181 2054 1381 2092 tantum
1403 2055 1672 2111 opponant
1697 2081 1709 2094 0

154 2131 233 2186 En
267 2131 513 2203 superbus
536 2129 624 2184 ille
646 2128 906 2184 Dominus
943 2129 1106 2183 libero
1128 2130 1324 2202 populo
1345 2130 1557 2202 praefici
1580 2131 1715 2185 indi-

152 2226 322 2297 gnus!
369 2224 446 2276 En
488 2221 744 2293 impotens
786 2223 1064 2295 Tyrannus
1108 2240 1214 2274 non
1257 2237 1467 2293 paterno
1508 2239 1712 2277 tantum

153 2329 374 2386 sceptr0‚
399 2315 487 2368 sed
508 2313 660 2368 etiam
682 2312 790 2370 Vita
812 2314 1122 2386 spoliandus!
1151 2314 1288 2368 Proh
1305 2315 1477 2368 Deum
1501 2315 1711 2369 immor-

158 2407 306 2459 talem
353 2410 364 2458 Σ
411 2405 641 2470 Quinam
679 2447 693 2470 ‚
737 2406 987 2478 siquidem
1030 2407 1112 2461 hic
1157 2422 1404 2480 tyrannus
1439 2448 1452 2471 ‚
1494 2406 1716 2463 benefici

158 2496 330 2569 Reges
353 2538 367 2561 ,
412 2496 500 2568 qui
539 2497 792 2551 mansueti
837 2498 1102 2569 Principes
1140 2540 1155 2562 ‚
1199 2497 1287 2569 qui
1328 2499 1502 2552 Patres
1526 2498 1714 2570 patriae

157 2587 602 2642 nominabuntur?
641 2587 786 2657 Quid
808 2588 945 2643 enim
967 2590 1022 2644 in
1045 2590 1122 2645 his
1145 2589 1305 2663 Regis
1330 2589 1583 2644 mandatis
1607 2609 1714 2645 non

159 2677 494 2744 lenitudinis3
534 2680 659 2752 quid
681 2699 784 2733 non
808 2681 1173 2735 moderationis
1198 2682 1404 2752 plenum
1431 2685 1449 2734 ἒ
1480 2699 1567 2735 aut
1589 2682 1715 2753 quid

163 2770 228 2823 ad
265 2787 458 2826 tantam
498 2773 838 2829 lenitudinem
887 2790 938 2828 et
972 2775 1378 2830 moderationem
1418 2772 1521 2847 jam
1560 2793 1714 2846 posse
