2180 3537
1008 365 1078 416 ὴὲε
1129 372 1198 429 34
1239 366 1309 418 ἐᾷ

385 468 455 523 ris
488 468 725 540 exemplo
749 469 951 540 Regum
973 467 1180 520 laudem
1202 509 1215 531 ‚
1243 468 1500 522 fortunam
1525 467 1687 524 discet
1709 490 1772 526 ex
1791 471 1930 528 aliis.

388 561 523 613 Cum
560 558 716 631 igitur
737 558 1097 629 comprehendi
1118 558 1289 629 potius
1314 600 1330 623 ‚
1362 579 1465 630 quo
1488 579 1718 615 recasura
1736 605 1749 627 ‚
1787 584 1937 618 cuma

385 670 484 722 que
521 669 598 704 res
632 665 802 713 esset,
838 669 992 719 quam
1030 648 1197 701 obniti
1220 666 1270 702 et
1291 668 1500 703 suorum
1543 654 1698 704 caede
1736 653 1934 710 foedari

385 741 502 797 Rex
523 740 782 796 statuisset
805 781 819 804 ‚
861 759 980 794 cum
1018 738 1183 810 Regia
1218 739 1412 792 familia
1435 757 1485 794 et
1507 744 1754 798 comitatu
1791 746 1935 799 Pari-

383 832 489 887 sios
514 831 695 888 reverti
718 830 923 904 cogitur
947 871 958 883 .
1005 829 1200 883 Nefarii
1228 830 1469 885 satellites
1493 851 1764 905 augustam
1787 836 1933 889 illam

382 926 619 996 praedam
644 923 981 977 circumstant
1009 942 1021 974 :
1067 921 1383 975 circumfusa
1404 924 1632 994 undique
1654 927 1934 991 multitudo

381 1016 582 1073 visendi
606 1016 779 1070 studio
804 1015 905 1069 ruit
930 1035 946 1077 ς
987 1034 1150 1085 neque
1186 1033 1244 1067 os
1282 1014 1411 1067 illud
1432 1015 1688 1071 incestum
1711 1020 1935 1090 proferre

376 1108 502 1163 satis
537 1110 688 1161 habet
712 1128 729 1172 3
766 1108 989 1179 captivis
1014 1106 1343 1178 Principibus
1364 1110 1639 1162 Verborum
1664 1127 1936 1162 contume-

379 1200 463 1254 liis
505 1200 678 1252 illudit
700 1241 714 1263 ‚
750 1201 926 1271 fugam
968 1198 1160 1252 irritam
1202 1197 1386 1268 objicit
1409 1241 1423 1262 ‚
1459 1201 1936 1271 comprehensionis

379 1292 611 1345 dolorem
635 1307 902 1362 exasperat
923 1331 934 1342 .
972 1290 1131 1354 Quod
1156 1305 1325 1342 tamen
1345 1290 1578 1343 laborum
1602 1307 1652 1343 et
1674 1292 1936 1346 molestia-

380 1404 491 1438 rum
531 1386 737 1454 plenum
774 1382 872 1435 iter
892 1381 1094 1434 fortiter
1130 1380 1247 1434 illos
1286 1396 1336 1434 et
1367 1380 1622 1451 patienter
1654 1382 1830 1435 tulisse
1862 1384 1937 1436 fe-

379 1493 496 1529 runt
520 1517 531 1529 .
578 1475 686 1539 Qui
719 1494 841 1529 Vero
866 1515 880 1537 ‚
920 1490 970 1527 et
995 1492 1150 1545 quam
1187 1488 1315 1526 teter
1338 1473 1594 1527 Lutetiam
1617 1474 1935 1529 Parisiorum

377 1566 616 1620 introitus
657 1574 668 1621 l
715 1565 898 1641 *Quam
938 1565 1160 1638 lugubre
1211 1565 1381 1619 noctis
1432 1565 1570 1620 illius
1614 1565 1878 1620 silentium
1918 1569 1933 1620 ἔ

379 1657 554 1721 Quam
592 1656 741 1710 ferox
763 1655 986 1708 militum
1024 1660 1299 1727 aspectus!
1345 1656 1521 1720 Quam
1564 1656 1935 1711 formidolosae

376 1749 541 1820 plebis
580 1750 791 1803 caedem
814 1747 1098 1803 anhelantis
1135 1748 1304 1803 minae
1326 1752 1346 1802 ἓ
1388 1750 1660 1802 Praetereo
1682 1769 1812 1820 quae
1834 1750 1936 1803 Re·

376 1840 458 1912 gis
482 1840 761 1896 adventum
804 1856 1086 1894 consecuta
1122 1856 1281 1893 sunt:
1324 1854 1518 1892 tantam
1550 1838 1688 1893 enim
1726 1859 1787 1893 ac
1829 1856 1936 1895 tam

374 1931 583 1985 foedam
621 1931 789 2005 regiae
813 1929 1095 2001 majestatis
1124 1931 1564 2003 contemptionem
1588 1951 1694 1985 non
1717 1932 1933 2004 capiunt

375 2021 645 2093 angustiae
679 2022 929 2077 orationis
954 2042 1097 2077 meae
1119 2064 1135 2087 ‚
1173 2041 1281 2077 non
1303 2022 1486 2095 recipit
1513 2024 1662 2077 dolor
1683 2065 1697 2088 ,
1731 2043 1837 2077 non
1859 2023 1936 2078 in·

375 2113 612 2185 dignatio
648 2114 865 2170 sustinet
894 2156 906 2168 .
950 2114 1103 2179 Quae
1139 2114 1183 2169 si
1224 2115 1655 2170 commemoranti
1693 2116 1821 2170 adeo
1858 2115 1936 2169 in-

375 2222 517 2277 grata
541 2223 661 2261 sunt
681 2249 697 2271 ‚
735 2227 887 2279 quam
911 2248 927 2271 ,
959 2209 1087 2278 proh
1104 2209 1249 2261 Deus
1270 2206 1574 2261 immortalis
1596 2210 1608 2259 Ξ
1651 2206 1934 2278 experienti

375 2295 510 2368 Regi
555 2297 774 2351 molesta
809 2337 826 2361 ,
865 2317 1018 2368 quam
1059 2296 1402 2350 intolerabilia
1438 2296 1598 2351 fuisse
1635 2313 1874 2369 putemus
1914 2300 1928 2350 Ξ

375 2388 486 2441 Nec
510 2407 632 2443 vero
653 2387 906 2460 quispiam
928 2388 1212 2453 arbitretur,
1234 2386 1342 2459 ejus
1366 2404 1445 2442 tot
1465 2386 1677 2458 injurias
1697 2387 1932 2442 animum

374 2476 645 2552 infregisse
666 2520 681 2544 ‚
721 2496 811 2533 aut
837 2479 1069 2551 potuisse
1107 2499 1335 2552 unquam
1376 2481 1440 2534 ab
1479 2480 1568 2534 illa
1600 2500 1691 2535 sua
1721 2479 1931 2534 lenitate

374 2587 631 2624 avocare:
671 2570 968 2626 bacchantis
1009 2572 1185 2644 populi
1217 2571 1372 2627 minis
1395 2571 1670 2625 blanditias
1707 2569 1889 2640 objicit
1909 2611 1926 2635 ,

375 2659 535 2714 furori
570 2664 1011 2718 mansuetudinem
1036 2705 1052 2728 ,
1093 2664 1276 2718 erectis
1298 2663 1481 2737 gladiis
1503 2678 1751 2716 armatum
1775 2663 1929 2716 bene-

376 2752 602 2809 volentia
618 2771 797 2826 pectus
823 2774 836 2809 :
879 2756 1142 2813 volentem
1161 2755 1216 2810 in
1239 2755 1430 2830 regiam
1452 2753 1638 2810 irruere
1656 2795 1671 2820 ,
1693 2753 1817 2810 licet
1837 2753 1931 2809 mi-
