2180 3537
844 346 915 404 4&
965 355 1027 412 17
1071 346 1142 399 ³<ss

195 454 356 530 Regis
394 453 688 528 exemplum
710 470 798 525 par
818 450 897 506 illi
919 445 1239 505 coercendae
1285 462 1392 505 non
1414 459 1548 502 esset
1570 463 1584 500 t
1623 443 1762 503 inte4

196 569 279 604 rea
316 548 406 620 qui
431 547 634 602 nefariis
661 543 893 600 consiliis
915 541 1270 615 philosophiae
1295 559 1488 594 nornen
1509 540 1760 595 obtende-

195 643 322 695 bant
346 683 361 705 ,
384 641 483 694 hoc
506 637 799 712 Religionis
820 635 1124 712 evertendae
1147 650 1348 705 tempus
1370 652 1480 688 esse
1501 632 1624 698 rati,
1649 653 1757 705 pra-

193 749 286 788 vas
319 731 669 803 impudentius
691 729 951 784 doctrinas
989 726 1394 782 disseminabant
1430 725 1485 779 in
1523 728 1712 799 vulgus
1735 768 1752 792 ,

192 842 324 896 quae
344 841 448 895 quo
472 822 638 896 magis
662 821 994 895 Religionem
1017 819 1382 875 convellebant
1400 860 1416 883 ,
1445 838 1509 872 eo
1529 818 1758 890 excipie-

191 919 379 972 bantur
413 915 652 972 avidius:
695 914 826 968 nihil
861 912 1002 966 enim
1038 909 1337 964 hominibus
1377 910 1646 965 dissolutis
1667 930 1754 965 an·

191 1008 402 1080 tiquius,
420 1028 574 1080 quam
594 1025 723 1079 quos
745 1004 907 1060 animi
930 1001 1302 1075 cupiditatibus
1325 1001 1536 1076 Religio
1557 999 1751 1072 injicit,

189 1101 394 1156 fraenos
416 1098 636 1164 detrahi,
660 1097 789 1152 nihil
810 1096 1036 1169 optatius
1058 1113 1214 1167 quam
1234 1114 1296 1148 ea
1317 1093 1490 1148 inania
1513 1110 1564 1148 et
1587 1093 1755 1148 riden*

189 1194 255 1246 da
273 1191 441 1263 putari
464 1233 478 1256 ,
516 1210 647 1263 quae
667 1208 872 1245 morum
896 1185 1324 1259 intemperantiae
1347 1185 1416 1238 ad
1437 1185 1758 1257 potiundum

185 1283 436 1337 incitatae
457 1298 744 1356 repugnant
765 1323 778 1335 .
820 1282 1019 1335 Verum
1057 1278 1183 1334 licet
1211 1278 1432 1332 infracto
1454 1278 1759 1353 Religionis

187 1374 366 1429 fraeno
397 1416 412 1439 ,
454 1374 579 1428 licet
618 1375 675 1428 in
711 1392 914 1428 summa
949 1369 1217 1444 impietate
1239 1412 1255 1436 ,
1298 1371 1533 1424 nondum
1577 1388 1748 1426 tamen

187 1467 524 1522 conscelerati
564 1465 801 1521 homines
839 1508 854 1531 ,
898 1465 965 1519 ad
1017 1484 1172 1535 quam
1212 1479 1477 1535 tantopere
1511 1462 1754 1517 immine-

187 1559 312 1612 bant
331 1599 346 1621 ,
371 1558 511 1612 nacti
532 1573 676 1612 erant
698 1577 953 1613 summam
982 1553 1253 1611 licentiam
1279 1576 1293 1608 t
1334 1573 1590 1628 supererat
1613 1575 1754 1612 amo-

185 1649 385 1706 vendus
417 1650 584 1723 regiae
604 1648 931 1704 auctoritatis
968 1648 1125 1703 timor
1144 1690 1160 1713 ‚
1197 1668 1302 1721 quo
1323 1646 1753 1721 'impediebantur

184 1741 351 1794 adhuc
375 1783 390 1805 ‚
409 1742 691 1813 quominus
710 1740 893 1798 divina
914 1741 1093 1795 omnia
1115 1758 1167 1796 et
1190 1743 1416 1796 humana
1439 1742 1718 1798 miscerent
1735 1757 1755 1797 .“

187 1833 273 1888 Oh
296 1833 498 1887 Galliae
531 1833 803 1891 universae
827 1874 842 1897 ‚
879 1850 931 1887 et
949 1832 1085 1907 Regi
1106 1833 1161 1886 in
1185 1834 1364 1904 primis
1387 1836 1658 1908 regiaeque
1678 1836 1750 1890 fa-

183 1925 360 1979 miliae
380 1927 643 1981 funestum
664 1925 886 1979 bellum!
912 1924 1118 1979 Bellum
1146 1924 1294 1989 illud,
1316 1924 1524 1998 inquam
1544 1969 1558 1991 ‚
1584 1928 1747 1981 Ame-

184 2015 418 2070 ricanum
439 2057 455 2080 ‚
493 2017 559 2070 ad
582 2017 726 2088 quod
758 2016 1145 2089 suscipiendum
1173 2016 1352 2071 nescio
1374 2034 1546 2073 utrum
1580 2020 1744 2074 admi-

184 2107 463 2162 nistrorum
486 2108 830 2180 imprudentia
852 2150 867 2173 ,
911 2128 978 2163 an
1021 2108 1356 2163 inimicorum
1375 2143 1377 2145 ·
1399 2109 1538 2164 fraus
1576 2111 1746 2165 adole-

183 2217 416 2256 scentem
439 2202 640 2275 Regem
670 2199 934 2273 impulerit
956 2243 969 2255 .
1004 2201 1233 2255 Tantine
1271 2200 1429 2275 igitur
1465 2202 1746 2257 Americao

183 2291 391 2346 libertas
428 2309 535 2346 erat
555 2334 569 2357 ,
606 2308 665 2347 ut
687 2307 764 2345 tot
786 2292 969 2346 deinde
993 2291 1196 2369 Galliae
1223 2292 1604 2349 calamitatibus
1628 2334 1643 2356 ‚
1668 2309 1748 2348 tot

181 2383 322 2456 Regi
358 2384 614 2438 aerumnis
634 2426 649 2449 ‚
689 2399 767 2437 tot
789 2385 1023 2456 Europae
1043 2384 1317 2442 universae
1337 2385 1608 2440 timoribus
1633 2387 1742 2441 bel-

184 2474 353 2545 lisque
381 2491 538 2530 staret
573 2478 593 2529 ἓ
634 2474 847 2530 Utinam
885 2495 1054 2533 novus
1097 2476 1184 2530 ille
1221 2477 1359 2531 orbis
1400 2492 1477 2530 tot
1517 2497 1546 2531 a
1586 2479 1739 2534 nobis

185 2566 406 2620 marium
444 2565 720 2638 interjectu
741 2566 1001 2638 sejunctus
1035 2610 1050 2632 ‚
1090 2570 1528 2641 quemadmodum
1554 2590 1640 2642 per
1663 2586 1744 2625 tot

188 2658 393 2709 saecula
413 2656 691 2728 majoribus
715 2658 902 2713 nostris
926 2701 940 2723 ,
980 2658 1054 2714 ita
1076 2676 1126 2715 et
1147 2660 1299 2715 nobis
1321 2661 1591 2734 irrepertus
1613 2663 1742 2718 suis-

190 2750 303 2802 set!
343 2749 467 2804 Non
502 2749 581 2805 illi
618 2751 875 2808 funestam
901 2751 1071 2809 Gallia
1091 2752 1380 2810 libertatem
1402 2755 1699 2813 asseruisset
1717 2797 1737 2824 2
