2180 3537
1027 374 1097 426 a&
1147 382 1214 420 12
1257 378 1326 431 ³3⁴4-

402 491 562 536 'vocat
597 476 704 548 ejus
744 474 904 531 animi
931 476 1236 549 magnitudo
1260 520 1274 543 ,
1313 493 1461 550 atque
1501 477 1566 532 ad
1605 478 1816 552 grandia
1852 497 1942 533 na-

398 586 510 622 tum
549 569 813 641 ingenium
846 609 861 632 ‚
896 569 1037 639 quod
1072 569 1258 639 quibus
1296 571 1592 643 regionibus
1631 570 1802 624 Gallia
1843 558 1951 625 cir-i

396 661 761 715 cumscribitur
793 701 808 724 ‚
847 659 1029 713 iisdem
1066 659 1193 712 licet
1229 661 1352 715 satis
1395 662 1578 733 amplis
1620 661 1780 716 teneri
1817 682 1940 716 cum

390 771 497 804 non
539 766 714 822 posset
755 791 768 813 ,
813 749 1182 804 remotissimas
1218 751 1357 805 orbis
1397 768 1565 823 partes
1605 753 1938 824 complexum

388 858 466 896 est
489 862 505 905 3
546 859 698 912 atque
731 855 790 893 ut
819 839 942 895 illuc
967 840 1123 893 etiam
1147 841 1517 896 mercatoribus
1540 844 1807 915 nautisque
1830 843 1938 898 suis

389 934 557 987 aditus
579 932 841 1006 patefieret
863 971 877 994 ,
900 947 1097 988 veteres
1122 932 1460 1003 explorandas
1483 933 1592 987 vias
1615 974 1630 997 ,
1666 953 1826 989 novas
1851 935 1936 988 de-

389 1025 634 1097 tegendas
655 1021 854 1079 curavit
877 1066 886 1075 .
934 1023 1108 1087 Quem
1131 1023 1215 1094 qui
1239 1024 1522 1094 paullulum
1557 1025 1715 1078 modo
1738 1041 1937 1080 nostro-

384 1136 499 1171 rum
538 1133 821 1187 temporum
850 1114 1115 1168 historiam
1158 1115 1333 1177 norit,
1378 1115 1648 1188 Peyrousii
1685 1135 1877 1169 nomen
1917 1157 1931 1180 ,

383 1227 559 1264 cursus
580 1250 593 1271 ‚
636 1205 918 1260 infortunia
946 1207 1108 1259 latent
1147 1209 1166 1257 ἓ
1203 1205 1340 1259 illius
1363 1247 1377 1269 ‚
1413 1205 1623 1277 inquam
1659 1247 1674 1268 ,
1714 1205 1933 1261 viatoris

381 1318 435 1354 et
456 1316 640 1352 nautae
672 1296 1130 1369 praestantissimi,
1173 1318 1276 1369 quo
1317 1317 1370 1352 se
1405 1297 1602 1367 jactans
1642 1298 1813 1352 Gallia
1836 1299 1931 1351 im-

382 1391 650 1444 mortalem
694 1388 920 1460 Angliae
957 1388 1217 1442 Kookium
1254 1408 1359 1442 ηοω
1402 1389 1601 1445 invidet
1642 1431 1654 1442 .
1707 1391 1863 1443 Hunc
1902 1409 1934 1443 a

384 1482 773 1536 LVDOVICO
811 1480 1109 1535 arcessitum
1150 1522 1164 1545 ‚
1206 1480 1442 1553 praemiis
1476 1481 1707 1536 illectum
1730 1523 1744 1545 ,
1787 1480 1932 1538 navi-

380 1576 476 1629 bus
499 1615 514 1638 ,
554 1589 845 1627 commeatu
867 1615 881 1636 ‚
920 1573 1067 1626 omni
1089 1572 1355 1643 copiarum
1385 1591 1566 1645 genere
1587 1572 1929 1635 instructum,

381 1667 447 1719 acl
480 1684 539 1718 ea
576 1706 590 1728 ‚
628 1684 756 1736 quae
791 1663 1026 1717 Koolzius
1058 1663 1201 1716 obire
1242 1682 1348 1717 non
1390 1664 1564 1734 potuit
1600 1706 1614 1728 ,
1653 1663 1810 1717 maria
1850 1665 1929 1717 lu-

382 1755 588 1810 stranda
610 1795 624 1817 ,
666 1771 918 1825 terrasque
940 1755 1103 1807 adhuc
1128 1753 1330 1826 ignotas
1353 1755 1662 1826 detegendas
1686 1754 1897 1809 missum
1914 1796 1927 1819 ‚

381 1866 574 1920 magna
591 1847 798 1919 quidem
821 1848 928 1900 laus
952 1887 966 1909 ,
1005 1847 1095 1900 sed
1117 1865 1236 1900 cum
1260 1847 1372 1901 aliis
1396 1847 1548 1900 etiam
1568 1847 1800 1918 Regibus
1825 1866 1929 1901 non

377 1941 561 2012 paucis
604 1938 1071 1994 communicanda.
1109 1938 1186 1990 At
1207 1956 1329 1993 Vero
1353 1978 1367 2000 ‚
1405 1937 1546 2009 quod
1583 1936 1694 1990 talis
1737 1952 1928 1990 tantus-

379 2049 478 2104 que
514 2031 596 2088 Vir
640 2051 670 2084 a
713 2031 809 2082 LV
816 2029 1097 2083 DOVICO
1143 2027 1434 2082 discesserit
1464 2069 1478 2092 ‚
1528 2048 1635 2081 ηοω
1677 2044 1782 2080 tam
1819 2025 1930 2097 ejus

377 2122 623 2196 ingentis
645 2141 763 2176 suae
781 2121 944 2194 gloria
966 2120 1331 2192 amplificanda
1352 2119 1597 2184 studium,
1614 2141 1764 2191 quam
1786 2138 1928 2190 pera-

379 2234 465 2270 cre
498 2215 684 2269 mentis
723 2233 941 2267 acumen
964 2253 978 2275 ‚
1021 2228 1171 2283 atque
1210 2211 1544 2282 omnigenam
1585 2210 1927 2262 eruditionem

376 2307 693 2368 demiratus3
733 2305 871 2375 quod
890 2318 1188 2365 testaretur„
1237 2299 1689 2354 LVDOVICVM
1730 2298 1927 2351 sibial-

378 2397 607 2468 loquenti
635 2395 956 2452 Danvillium
999 2393 1220 2463 aliquem
1256 2390 1487 2461 alloqui,
1530 2408 1618 2441 aut
1658 2387 1926 2440 Kookium

377 2487 539 2544 videri
565 2529 575 2550 ‚
611 2487 723 2558 quis
745 2504 850 2539 ηοω
872 2486 926 2538 in
948 2484 1063 2538 aliis
1085 2482 1374 2536 inauditum
1400 2522 1412 2545 ‚
1452 2480 1565 2552 quis
1590 2498 1695 2533 ωοω
1719 2477 1796 2530 illi
1815 2477 1926 2531 uni-

383 2597 443 2632 ce
477 2577 738 2647 proprium
768 2579 1024 2630 fateatur?

539 2668 710 2720 Bonae
749 2667 904 2720 etiam
943 2682 1073 2719 artes
1109 2681 1160 2719 et
1192 2663 1452 2736 politiores
1487 2659 1787 2732 disciplinae
1820 2659 1924 2711 Re·-

382 2760 462 2834 gis
490 2778 639 2831 opem
658 2757 999 2829 implorabant
1020 2797 1036 2819 ‚
1080 2776 1142 2810 ne
1163 2754 1285 2827 quitl
1308 2752 1489 2811 veteris
1514 2749 1777 2822 dignitatis
1802 2748 1926 2802 Gal-
