2180 3537
1023 379 1094 431 ·*54
1140 395 1210 451 54
1253 380 1323 432 ³24*

386 493 707 547 fen-imorum
744 490 967 546 hostium
1001 491 1372 563 postulationes
1396 489 1626 564 rejiceres
1649 533 1663 557 ,
1702 491 1933 548 nefariis-

385 605 482 657 que
516 583 786 638 conatibus
807 583 1064 638 invictum
1087 599 1266 655 pectus
1285 604 1564 656 opponeres
1588 627 1602 649 ‚
1644 586 1785 657 quod
1808 584 1932 658 cogi

385 697 490 730 non
522 690 698 746 posset
720 717 731 727 .
775 674 1006 729 Publicis
1043 693 1075 726 a
1096 676 1173 728 Te
1195 674 1402 730 indictis
1424 675 1892 747 supplicationibus
1914 716 1930 740 ‚

380 767 581 838 tuisque
602 766 655 819 in
676 765 856 837 primis
880 765 1119 837 precibus
1151 765 1252 820 illis
1277 808 1291 831 ,
1326 766 1511 838 quibus
1533 767 1764 838 quotidie
1780 787 1929 821 <suam

378 858 496 911 Deo
520 899 534 921 ‚
575 856 660 910 cui
684 875 911 928 praeesse
942 858 1020 910 Te
1048 856 1221 914 Voluit
1242 899 1256 922 ‚
1298 858 1590 912 Ecclesiam
1627 859 1758 911 adeo
1779 858 1933 912 enixe

380 950 710 1004 commendas
733 990 748 1013 ‚
789 964 1061 1020 acceptum
1099 951 1281 1005 referre
1321 951 1566 1006 debemus
1599 992 1615 1015 ‚
1651 952 1790 1023 quod
1826 970 1934 1006 non

383 1040 774 1095 florentissimas
815 1041 1052 1112 Europae
1090 1043 1330 1112 regiones
1361 1044 1660 1112 pestiferum
1704 1043 1833 1096 illud
1853 1042 1936 1099 vi-

382 1152 468 1187 rus
500 1131 684 1186 infecit
704 1174 718 1196 ‚
761 1134 903 1202 quod
948 1132 1046 1186 toti
1083 1132 1498 1187 Christianorum
1520 1135 1634 1188 orbi
1657 1135 1932 1207 propinan-

384 1225 507 1277 dum
529 1224 675 1296 impii
697 1223 930 1278 homines
953 1225 1238 1286 curabant;
1262 1226 1404 1297 quod
1424 1225 1793 1281 formidolosae
1814 1227 1934 1281 illae

383 1315 589 1369 Classes
613 1357 626 1379 ,
665 1316 850 1386 quibus
890 1315 1071 1368 Italiae
1113 1332 1310 1386 pestem
1349 1317 1676 1371 minabantur
1698 1360 1712 1382 ,
1746 1321 1810 1372 ab
1834 1321 1934 1372 Ita-

380 1405 481 1460 liae
502 1407 603 1461 oris
626 1407 871 1479 expulsae
902 1406 957 1459 in
979 1424 1157 1478 portus
1196 1428 1250 1462 se
1289 1428 1410 1463 suos
1441 1426 1704 1481 quassatae
1735 1411 1935 1465 irrisae-

380 1520 479 1573 que
501 1518 836 1573 receperunt3
878 1503 1017 1573 quod
1038 1503 1302 1572 perculsae
1339 1502 1460 1556 illae
1491 1504 1825 1576 palantesque
1861 1504 1934 1557 la-

383 1607 589 1646 tronum
612 1611 794 1646 manus
828 1613 893 1647 ex
915 1593 1267 1665 pulcherrimis
1302 1594 1518 1649 aliarum
1542 1595 1775 1669 gentium
1798 1595 1933 1653 civi-

387 1683 577 1738 tatibus
600 1683 856 1756 projectae
876 1684 979 1755 jam
1011 1705 1128 1741 suas
1166 1686 1303 1757 ipsas
1343 1689 1406 1739 ab
1445 1687 1656 1743 invictis
1699 1688 1932 1740 foedera-

386 1791 555 1829 torum
579 1777 782 1850 Regum
806 1777 958 1831 armis
983 1778 1112 1831 tueri
1133 1778 1357 1850 amplius
1382 1798 1488 1831 non
1512 1795 1751 1850 possunt.
1779 1780 1934 1833 Ami-

387 1867 499 1923 sisti
533 1869 737 1941 quidem
760 1911 774 1933 ‚
818 1870 1252 1923 BEATISSIME
1292 1871 1537 1924 PATER
1562 1914 1576 1935 ‚
1619 1888 1695 1925 tot
1715 1872 1937 1927 fortissi-

385 1979 502 2015 mos
540 1962 842 2016 Sacerdotes
876 2003 891 2026 ,
934 1981 1153 2033 quorum
1187 1960 1439 2034 sanguine
1471 1963 1642 2016 Gallia
1681 1965 1933 2018 redunda-

384 2051 465 2106 vit
489 2071 502 2104 :
546 2070 606 2104 ea
627 2067 799 2106 tamen
821 2053 944 2105 Tibi
971 2052 1264 2107 consolatio
1288 2069 1390 2117 est,
1413 2055 1554 2125 quod
1576 2073 1695 2108 cum
1717 2055 1770 2109 in
1792 2057 1936 2111 Chri-

384 2140 452 2195 sti
488 2141 613 2195 Fide
635 2144 950 2198 defendenda
972 2160 1174 2199 strenue
1205 2144 1442 2217 spiritum
1480 2146 1786 2213 effuderint,
1830 2148 1894 2204 iis
1916 2191 1932 2214 ‚

386 2253 514 2305 quos
538 2237 782 2309 profugos
820 2254 1137 2309 peramanter
1174 2256 1261 2292 aut
1285 2239 1568 2310 excepisti,
1612 2256 1702 2294 aut
1734 2243 1797 2294 ab
1818 2240 1933 2295 aliis

387 2327 719 2399 excipiendos
743 2331 928 2385 curasti
952 2373 966 2395 ‚
1009 2331 1063 2385 in
1085 2333 1261 2386 eadem
1283 2332 1663 2405 quamprimum
1686 2373 1700 2396 ,
1740 2350 1798 2386 ut
1819 2353 1935 2406 spe-

386 2438 555 2475 ramus
579 2462 593 2485 ,
634 2422 1026 2496 redintegranda
1048 2426 1364 2496 praebebunt
1387 2424 1670 2478 domestica
1701 2426 1935 2497 exempla

386 2512 590 2567 virtutis
615 2555 626 2566 .
665 2514 906 2569 Amisisti
930 2515 1425 2571 Cln·istianissimum
1446 2557 1462 2580 ‚
1504 2515 1702 2586 tibique
1724 2515 1934 2570 amicis-

387 2606 574 2659 simum
596 2607 824 2679 Regem:
855 2624 907 2662 at
927 2609 1223 2663 luctuosum
1247 2607 1354 2679 ejus
1377 2607 1639 2662 interitum
1663 2606 1756 2659 etsi
1780 2608 1935 2663 vehe-

389 2714 581 2749 menter
615 2699 754 2752 doles
778 2741 792 2763 ‚
833 2715 883 2753 et
918 2701 1125 2773 lugubri
1158 2720 1347 2772 pompa
1378 2700 1727 2770 gemebundus
1759 2718 1934 2770 prose-

389 2787 594 2858 queris;
634 2807 865 2843 caussam
893 2805 1061 2842 tamen
1083 2791 1318 2843 interitus
1351 2809 1458 2843 non
1489 2791 1761 2864 lugendam
1785 2833 1799 2855 ‚
1842 2792 1934 2846 sed

391 2878 695 2933 laudandam
719 2879 964 2952 intelligis
992 2902 1004 2934 :
1048 2882 1113 2935 ad
1145 2882 1280 2935 hunc
1312 2880 1448 2936 enim
1483 2902 1600 2938 eum
1626 2882 1821 2937 exitum
1842 2884 1932 2936 ad-
