2180 3537
1031 365 1104 418 ’iffi
1151 364 1220 419 16
1262 363 1332 418 ἐξ

403 477 609 533 tendam
647 475 900 532 coitiones
943 495 957 529 ε
1006 476 1360 534 incredibilem
1403 478 1758 552 pestiferorum
1799 477 1952 531 libro-

398 590 513 624 rum
547 570 655 626 Vim
676 571 740 623 ad
760 588 925 624 mores
949 571 1349 642 corrumpendos
1387 590 1453 624 ex
1475 570 1683 625 nefariis
1720 568 1950 624 latibulis

396 661 769 734 erumpentium
807 662 862 715 in
885 661 1089 715 lucem:
1129 661 1382 718 virtutum
1415 676 1813 734 contemptum;
1846 661 1946 717 im-

392 754 680 825 punitatem
701 753 975 817 vitiorunn
997 750 1270 807 effraenem
1293 753 1560 826 cogitandi
1582 752 1869 826 agendique
1890 751 1947 805 li-

391 844 648 899 centiam.
695 846 937 917 Serpebat
968 864 1058 917 per
1097 845 1392 902 universam
1434 845 1715 910 Galliam-‚
1764 863 1942 898 mana-

390 937 578 1008 batque
599 935 750 991 latius
770 937 825 991 in
848 937 954 993 dies
988 938 1172 991 lethale
1207 937 1350 995 virus
1375 958 1393 1002 ;
1433 936 1660 991 Parisios
1687 937 1743 990 in
1765 937 1943 1008 primis

386 1027 671 1101 principem
712 1029 856 1103 regni
894 1032 1074 1084 urbem
1113 1029 1362 1082 infecerat
1384 1071 1398 1093 ‚
1442 1048 1608 1101 neque
1642 1027 1742 1099 ipsi
1778 1027 1942 1100 Regis

386 1120 533 1174 aulae
564 1138 858 1193 pepercerat
879 1163 893 1185 ,
932 1141 1088 1193 quam
1108 1139 1225 1175 cum
1245 1120 1465 1192 primum
1508 1120 1935 1174 LVDOVICVS

384 1230 595 1284 regnare
631 1212 804 1284 coepit
838 1213 990 1266 foede
1024 1212 1435 1267 contaminatam
1476 1212 1678 1269 invenit
1699 1252 1712 1264 .
1761 1212 1938 1276 Quem

384 1302 599 1357 summis
621 1305 686 1357 ad
709 1304 906 1359 caelum
939 1305 1178 1360 laudibus
1200 1305 1267 1359 ob
1289 1305 1511 1377 idipsum
1533 1303 1642 1375 jure
1663 1323 1843 1358 omnes
1867 1303 1938 1356 ef-

382 1393 547 1446 ferent
589 1434 603 1457 ,
641 1394 782 1466 quod
821 1394 1119 1449 adolescens
1168 1395 1222 1448 in
1261 1414 1464 1450 summa
1495 1415 1663 1448 rerum
1700 1395 1936 1450 omnium

377 1501 631 1557 potestate
672 1486 984 1542 constitutus
1023 1529 1038 1551 ,
1077 1486 1274 1541 nemini
1311 1486 1608 1540 mortalium
1644 1485 1782 1542 vitae
1812 1506 1936 1542 suae

378 1577 632 1633 rationem
655 1581 972 1644 reddituum,
1001 1579 1155 1634 nullis
1175 1597 1405 1651 unquam
1427 1578 1781 1650 improborum
1803 1597 1932 1633 con-

376 1668 508 1723 siliis
533 1712 548 1735 ,
591 1671 744 1726 nullis
778 1670 1084 1726 remissioris
1114 1670 1251 1728 vitae
1274 1670 1606 1725 irritamentis
1629 1713 1644 1736 ,
1685 1689 1793 1724 non
1814 1670 1931 1743 ipso

376 1759 657 1817 Procerum
692 1762 873 1834 quavis
907 1762 1147 1818 suasione
1184 1778 1236 1816 et
1262 1763 1501 1817 illecebra
1520 1762 1736 1817 fortiore
1757 1782 1929 1818 exem·

371 1851 460 1921 plo
502 1870 531 1904 a
572 1852 948 1917 severioribus,
993 1852 1179 1924 quibus
1216 1869 1342 1924 puer
1377 1872 1408 1906 a
1452 1853 1793 1908 sanctissimis
1830 1855 1927 1907 Pa-

371 1943 603 1999 rentibus
650 1945 880 2000 imbutus
919 1960 1027 1999 erat
1061 1985 1077 2009 ‚
1118 1943 1370 1998 institutis
1407 1944 1613 2001 avocari
1646 1944 1868 2016 potuerit
1906 1965 1925 2009 ;

364 2053 466 2091 nec
490 2051 691 2091 castum
711 2036 940 2091 animum
963 2077 979 2101 ‚
1019 2051 1071 2089 et
1102 2055 1131 2088 a
1152 2049 1334 2088 natura
1365 2034 1477 2106 ipsa
1510 2035 1576 2088 ad
1599 2036 1924 2091 honestatem

369 2143 728 2198 comparatum
762 2128 847 2185 vel
879 2126 1166 2200 paullulum
1207 2126 1576 2182 commaculari
1611 2147 1790 2199 passus
1812 2127 1917 2194 sit,

367 2217 465 2270 etsi
505 2237 611 2271 non
647 2218 805 2272 semel
845 2218 1095 2289 peccandi
1133 2218 1343 2273 occasio
1377 2259 1393 2281 ‚
1432 2238 1539 2272 non
1570 2220 1787 2273 fortuito
1827 2220 1918 2273 illa

366 2307 612 2378 quidem,
651 2310 742 2363 sed
780 2310 1023 2364 consulto
1063 2309 1328 2364 offerretur
1363 2313 1427 2365 ab
1462 2312 1562 2376 iis,
1601 2331 1818 2383 quorum
1858 2311 1917 2368 in

365 2399 558 2453 saeculi
598 2399 787 2456 vitium
826 2400 1026 2473 prolabi
1065 2401 1263 2475 Regem
1302 2402 1544 2456 intererat
1583 2421 1601 2465 ς
1641 2419 1733 2456 aut
1769 2402 1913 2474 quod

365 2488 563 2560 regium
602 2492 896 2563 exemplum
933 2492 1075 2549 Vitae
1111 2512 1231 2548 suae
1270 2493 1572 2565 turpitudini
1599 2494 1874 2548 obtendere
1896 2534 1912 2559 ‚

364 2596 453 2632 aut
478 2582 1040 2654 quodcorruptelarum
1062 2583 1318 2640 illecebris
1350 2586 1495 2659 Rege
1530 2585 1759 2651 irretit0,
1795 2605 1910 2641 om·

364 2669 452 2722 nia
471 2670 674 2726 facilius
697 2673 910 2727 miscere
943 2694 997 2729 se
1017 2695 1167 2747 posse
1187 2676 1557 2730 arbitrabantur
1577 2718 1589 2731 .

522 2764 624 2819 Sed
661 2782 863 2823 morum
907 2765 1178 2821 dissolutio
1213 2766 1285 2820 ita
1330 2765 1434 2838 jam
1467 2767 1752 2826 invaluerat
1788 2810 1803 2834 ‚
1845 2785 1907 2825 ut
