2180 3537
1011 373 1081 426 *s
1122 361 1197 432 46
1240 374 1310 428 st-

374 474 762 533 acerbissimum
784 474 921 531 enim
944 473 1174 531 afferenti
1197 474 1447 531 nuncium
1485 476 1742 550 lacrymae
1764 494 1933 530 erum-

370 575 562 644 pebant
583 590 648 625 ex
671 570 838 624 oculis
864 613 878 634 ‚
923 571 1074 623 dolor
1095 571 1398 624 debilitabat
1423 569 1817 642 includebatque
1841 587 1939 627 vo-

371 683 485 718 cem
505 705 517 717 .
545 663 644 719 Cui
666 663 718 716 in
743 662 853 735 ipso
877 661 1029 716 etiam
1053 660 1251 735 gemitu
1273 676 1324 715 et
1344 661 1550 716 silentio
1582 660 1704 716 satis
1727 661 1937 732 loquen-

366 754 404 807 ti
424 796 438 819 ‚
465 756 610 812 Vultu
628 754 903 826 animoque
924 753 988 808 ad
1012 752 1430 824 tranquillitatem
1453 754 1749 826 composito
1769 797 1783 820 ‚
1803 755 1932 810 nihil

362 864 473 912 est,
515 846 686 919 inquit
714 889 727 914 ‚
771 847 911 920 quod
946 846 1072 901 sorti
1107 845 1451 921 illacrymeris
1489 865 1632 900 meae
1653 867 1669 911 ;
1713 865 1808 902 nee
1850 868 1934 904 me

361 939 583 995 nuncius
605 938 701 995 iste
723 982 737 1004 ‚
780 959 933 1013 quem
956 938 1104 994 affers
1126 979 1139 1002 ‚
1182 958 1373 1011 angore
1396 936 1649 1003 conficit,
1694 940 1785 993 sed
1819 959 1933 994 mo·

363 1031 523 1087 lestiis
548 1032 787 1087 omnibus
809 1032 992 1086 liberat
1015 1073 1027 1086 .
1071 1033 1182 1086 Nec
1206 1029 1418 1086 difficile
1441 1049 1563 1086 sane
1586 1030 1663 1084 illi
1687 1031 1786 1086 fuit
1823 1032 1933 1087 ani-

360 1144 505 1180 mum
544 1126 607 1178 ad
629 1145 834 1180 omnem
856 1126 1101 1197 pietatem
1123 1141 1174 1180 et
1196 1124 1499 1201 religionem
1537 1122 1640 1195 jam
1679 1111 1709 1178 a
1749 1123 1936 1180 teneris

364 1234 720 1288 comparatum
746 1259 759 1281 ,
805 1233 883 1270 tot
905 1217 1263 1290 ingruentibus
1286 1218 1472 1272 deinde
1493 1217 1751 1272 aerumnis
1774 1259 1789 1283 ‚
1817 1217 1934 1291 qui·

358 1312 453 1364 bus
475 1309 830 1363 innocentium
854 1308 1051 1381 sibique
1073 1309 1127 1362 in
1164 1309 1343 1381 primis
1382 1327 1620 1364 carorum
1654 1309 1932 1364 hominum

356 1399 601 1458 virtutem
626 1400 867 1473 perficere
890 1402 1034 1456 Deus
1056 1402 1358 1473 plerumque
1379 1402 1545 1467 solet,
1584 1422 1614 1456 a
1639 1419 1836 1456 terreno
1858 1421 1929 1456 re-

358 1511 465 1566 gno
487 1493 558 1547 ita
577 1511 803 1552 avertere
822 1535 836 1560 ,
878 1510 938 1549 ut
959 1494 1020 1548 de
1043 1493 1138 1547 illo
1161 1493 1370 1549 caelesti
1404 1494 1741 1549 solummodo
1779 1494 1930 1569 cogi-

359 1602 487 1641 taret
509 1629 521 1641 .
559 1587 734 1653 Quare
757 1605 876 1644 cum
898 1587 1221 1660 impetrasset
1242 1628 1256 1651 ‚
1281 1602 1340 1641 ut
1361 1585 1610 1641 catholici
1633 1586 1926 1643 Sacerdotis

357 1698 455 1750 ope
477 1679 575 1734 sibi
598 1679 674 1734 uti
695 1680 872 1735 liceret
888 1722 903 1745 ,
946 1679 1001 1733 in
1023 1700 1085 1734 eo
1107 1679 1437 1751 potissimum
1461 1698 1594 1751 quae
1626 1694 1929 1751 supererant

354 1769 495 1825 vitae
517 1787 777 1825 momenta
799 1771 1145 1842 impendenda
1168 1771 1372 1827 curavit
1390 1813 1404 1836 ,
1446 1789 1506 1824 ut
1541 1787 1810 1826 anteactae
1848 1771 1925 1830 vi-

354 1874 439 1914 tae
463 1860 639 1933 culpas
661 1861 745 1933 pie
767 1861 978 1914 defleret
996 1902 1010 1925 ,
1033 1877 1084 1914 et
1106 1862 1441 1916 Sacramento
1463 1862 1820 1917 Poenitentiae
1839 1882 1924 1918 ac-

355 1967 532 2007 curate
554 1952 784 2027 expiaret
806 1994 817 2006 .
852 1952 1063 2023 Quibus
1086 1954 1350 2028 religionis
1373 1954 1564 2011 officiis
1598 1974 1719 2011 cum
1742 1971 1924 2012 sancte

354 2044 652 2119 integreque
688 2045 898 2101 functus
922 2061 1056 2100 esset
1086 2085 1101 2110 ‚
1142 2045 1388 2102 familiam
1423 2048 1490 2102 ad
1510 2067 1565 2103 se
1586 2067 1732 2104 suam
1749 2067 1921 2104 arces-

355 2133 425 2190 sit
445 2177 460 2201 ,
503 2152 819 2208 postremum
841 2136 1119 2209 alloquitur
1141 2179 1156 2203 ,
1190 2138 1523 2211 amplectitur
1541 2182 1556 2206 ‚
1581 2140 1882 2196 consolatur
1905 2156 1925 2196 .’

514 2227 666 2292 Quae
696 2247 823 2286 vero
862 2244 984 2286 tunc
1017 2249 1226 2286 suorum
1253 2232 1545 2307 lacrymae!
1590 2235 1678 2308 qui
1705 2237 1915 2289 motus!

356 2336 490 2388 quae
511 2319 672 2390 pietas
694 2323 706 2374 l
749 2322 900 2377 Unus
923 2322 977 2377 in
1000 2338 1145 2377 tanto
1167 2324 1401 2379 omnium
1432 2345 1665 2380 moerore
1687 2327 1920 2382 LVDO-

353 2411 574 2466 VICVS
598 2413 677 2468 sui
700 2431 936 2480 securus,
956 2434 1051 2470 nec
1077 2414 1178 2470 nisi
1201 2416 1265 2471 de
1286 2434 1497 2472 suorum
1520 2417 1698 2472 dolore
1720 2416 1916 2473 sollici-

353 2518 435 2559 tus
457 2504 561 2576 jam
581 2505 871 2583 Conjtigem
894 2509 1302 2565 amantissimam
1327 2551 1341 2575 ,
1380 2509 1485 2582 jam
1510 2509 1913 2565 moestissimam

354 2595 589 2652 Sororem
609 2640 623 2662 ‚
641 2597 742 2669 jam
767 2600 1057 2657 carissimos
1079 2601 1257 2667 Filios,
1281 2602 1465 2675 quibus
1489 2600 1732 2673 loquendi
1753 2599 1916 2655 facul-

355 2700 510 2741 tatem
534 2706 790 2748 extremus
821 2693 968 2748 dolor
1004 2694 1371 2767 interceperat,
1414 2692 1560 2747 hilari
1591 2695 1817 2759 obtutu,
1860 2708 1914 2748 et

351 2780 673 2838 suavissimis
695 2785 864 2842 Verbis
888 2788 1178 2841 recreabat.
1229 2786 1371 2861 Ouid
1385 2788 1512 2842 enim
1533 2827 1547 2853 ,
1592 2784 1762 2858 ajebat
1778 2827 1793 2852 ,
1836 2788 1912 2843 υἱ-
