2180 3537
756 363 827 416 ὴὲε
873 369 936 426 51
991 361 1062 415 »ἐφ

132 485 335 527 vestras
358 481 499 521 arces
521 503 535 527 ,
578 474 842 534 tamquam
865 461 920 514 in
942 479 1033 515 sua
1069 461 1232 518 lustra
1268 463 1501 522 detrusae
1537 465 1671 522 ferae
1693 510 1707 534 ,

143 557 463 633 confugistis
485 598 496 610 .
541 555 653 623 Qui
675 574 800 611 Vero
823 554 971 609 locus
997 571 1099 609 tam
1122 556 1352 612 munitus
1375 578 1484 614 esse
1505 576 1709 632 potest,

134 671 237 724 quo
262 666 340 705 tot
377 648 604 721 undique
643 647 1141 703 circumsonantium
1178 669 1439 705 armorum
1480 652 1703 725 impetus

132 763 237 799 non
258 744 545 815 pervadat?
589 740 742 807 Quae
763 739 909 814 regio
946 756 1052 794 tam
1090 740 1296 806 abdita,
1337 742 1427 797 ubi
1464 762 1699 801 vestrum

132 835 331 890 diutius
365 834 697 907 parricidium
734 834 893 888 latere
933 835 1145 907 impune
1182 835 1377 908 possit,
1426 855 1516 895 aut
1555 859 1702 893 mon-

135 943 297 984 strum
319 927 449 982 illud
471 927 752 984 consistere
774 927 1038 982 abnormis
1062 927 1375 1000 reipublicae
1394 971 1409 995 ‚
1457 932 1599 1003 quod
1641 929 1708 984 ad

132 1040 345 1075 omnem
367 1019 745 1092 rempublicam
768 1061 783 1085 ‚
826 1020 892 1073 ad
923 1039 1132 1074 omnem
1176 1021 1448 1076 hominum
1489 1022 1707 1077 societa-

133 1130 234 1168 tem
253 1113 581 1170 evertendam
603 1111 957 1185 philosophiae
979 1112 1118 1167 illius
1140 1129 1340 1170 Vestrae
1358 1113 1707 1185 intemperan-

133 1207 204 1261 tia
225 1206 418 1279 peperit
434 1247 449 1270 ,
489 1204 724 1259 effraenis
747 1205 1021 1259 libidinum
1044 1204 1257 1260 licentia
1277 1205 1495 1278 protulit
1517 1246 1531 1270 ‚
1558 1205 1706 1263 inve-

134 1315 353 1354 teratum
375 1296 642 1370 religionis
665 1296 843 1352 odium
867 1296 1241 1356 confirmavit?

295 1391 342 1444 O
371 1389 540 1443 Gallia
561 1430 577 1453 ‚
621 1388 794 1443 Gallia
823 1404 926 1443 tam
948 1389 1075 1444 olim
1097 1389 1286 1446 amoris
1319 1405 1371 1446 et
1391 1390 1705 1448 reverentiae

131 1481 186 1537 in
210 1497 322 1536 tuos
358 1482 530 1555 Reges
569 1481 724 1536 laude
754 1499 1018 1555 praestans
1041 1525 1057 1548 ‚
1092 1502 1232 1538 nunc
1266 1484 1430 1559 Regis
1467 1485 1706 1539 omnium

129 1576 318 1648 optimi
340 1593 393 1630 et
413 1574 1061 1631 beneficentissimicaede
1084 1595 1311 1649 respersa
1328 1619 1343 1642 ‚
1381 1577 1496 1650 quis
1521 1577 1615 1631 tibi
1639 1596 1706 1632 ex

130 1683 272 1721 tanta
293 1667 620 1722 immanitate
640 1669 840 1722 fructus
864 1671 883 1721 ἒ
926 1668 1068 1723 Num
1088 1667 1178 1722 illa
1197 1709 1211 1734 ‚
1255 1688 1408 1741 quam
1437 1685 1703 1741 tantopere

127 1759 391 1832 praedicas
412 1801 428 1822 ‚
471 1759 681 1813 libertas
704 1764 723 1811 ἓ
765 1761 1048 1813 Pulchram
1080 1760 1344 1817 enimvero
1366 1761 1655 1816 libertatem
1676 1801 1692 1825 ‚

130 1872 231 1924 qua
252 1869 432 1906 omnes
453 1850 692 1906 homines
725 1851 990 1924 rapiantur
1009 1893 1025 1916 ‚
1064 1871 1218 1925 quam
1248 1851 1347 1907 sibi
1370 1871 1550 1927 gentes
1583 1852 1700 1907 uni-

129 1962 306 2001 versae
327 1942 623 2000 vindicent!
653 1942 881 1999 Effusam
904 1943 1141 1999 omnium
1164 1944 1441 2000 libidinum
1466 1946 1703 2018 petulan-

131 2033 259 2090 tiam
282 2076 297 2101 ‚
320 2033 590 2089 hominum
614 2036 1083 2104 consceleratorum
1117 2037 1444 2110 tyrannidem
1467 2081 1482 2104 ‚
1522 2039 1705 2094 crude-

131 2127 235 2182 lem
256 2126 492 2182 omnium
509 2125 761 2185 vitiorum
782 2127 1295 2193 onerosam‚ferream
1317 2129 1696 2201 impotentiam!

133 2220 397 2276 Sustulisti
418 2219 664 2278 videlicet
683 2240 837 2275 omne
859 2220 992 2276 inter
1022 2221 1165 2279 cives
1189 2221 1462 2277 discrimen
1488 2243 1502 2277 t
1546 2243 1703 2278 nemo

133 2313 355 2385 amplius
378 2313 514 2385 apud
549 2329 597 2368 te
621 2332 798 2371 servus
829 2355 844 2378 ,
878 2334 1033 2369 nemo
1055 2313 1297 2369 dominus
1322 2355 1336 2379 ,
1367 2334 1523 2370 nemo
1548 2316 1698 2370 nobi-

135 2405 198 2460 lis
231 2447 246 2471 ‚
288 2405 501 2460 infimus
538 2425 692 2460 nemo
715 2425 744 2469 ⁴;
780 2426 962 2462 omnes
1002 2407 1284 2462 honoribus
1322 2408 1648 2480 capessendis
1683 2450 1700 2474 2

136 2517 319 2553 omnes
342 2497 654 2571 reipublicae
686 2500 1046 2571 gubernandae
1073 2519 1230 2573 aeque
1251 2520 1395 2573 pares
1419 2542 1430 2554 .
1477 2501 1700 2555 Sustuli-

137 2589 208 2643 sti
229 2589 386 2663 igitur
423 2610 452 2645 e
483 2590 592 2648 Vita
624 2589 761 2648 vitae
783 2590 1227 2657 incolumitatem,
1268 2592 1364 2646 otii
1393 2593 1698 2648 fundamen-

143 2694 251 2734 tum
275 2721 290 2745 ,
323 2680 649 2738 fortunarum
677 2683 989 2756 praesidium
1015 2704 1029 2738 t
1061 2685 1432 2758 rempublicam
1462 2685 1701 2740 condidi-

143 2770 210 2825 sti
233 2790 340 2825 non
363 2772 631 2829 hominum
653 2817 669 2841 ‚
708 2777 796 2831 sed
817 2777 1073 2849 pecudum
1094 2818 1110 2841 ‚
1149 2777 1203 2830 in
1232 2798 1382 2849 quam
1407 2819 1422 2842 ‚
1461 2796 1519 2832 ut
1541 2779 1699 2832 aliam

143 2881 350 2920 omnem
367 2864 780 2940 inaequalitatem
814 2868 1034 2925 auferres
1052 2909 1067 2935 ,
1103 2868 1292 2928 virium
1328 2887 1379 2926 et
1398 2869 1698 2943 improbita-
