2180 3537
793 373 863 425 ὴὲε
906 379 972 416 21
1019 367 1091 420 ³44⁴

151 474 402 550 quidquid
424 486 594 526 tamen
617 468 757 544 genti
779 488 901 524 suae
924 471 1066 524 bono
1102 470 1210 524 sore
1227 469 1440 542 putabat
1461 511 1476 533 ,
1513 487 1617 523 non
1638 465 1709 540 ja-

150 586 324 623 cturae
346 607 361 628 ‚
403 565 494 618 sed
513 578 752 632 quaestus
774 561 897 614 loco
920 562 1144 633 ponebat
1164 603 1175 614 .
1219 564 1399 633 Itaque
1429 578 1707 634 postquam

149 658 385 727 exemplo
406 654 622 708 Henrici
642 653 781 707 illius
801 653 990 725 Magni
1011 654 1274 724 proposito
1294 654 1433 710 viros
1456 674 1520 708 ex
1541 652 1704 707 omni-

89 801 92 804 .
147 751 243 803 bus
265 749 408 821 regni
430 746 712 819 provinciis
735 762 786 798 et
807 745 1103 802 civitatibus
1124 745 1391 816 primarios
1409 787 1423 809 ‚
1446 764 1575 817 quos
1598 746 1706 804 No-¹

147 842 329 895 tabiles
373 840 513 893 Galli
552 837 860 910 appellant,
912 837 1137 890 Parisios
1180 837 1450 893 arcessivit
1482 878 1496 899 ‚
1551 854 1702 907 atque

144 931 319 985 omnis
342 952 433 1003 pro
457 948 744 1001 temporum
766 927 1069 981 difficultate
1092 928 1403 982 consultatio
1424 928 1480 980 in
1504 927 1704 981 irritum

151 1024 384 1086 cecidit3
428 1024 632 1076 tandem
651 1062 666 1084 ‚
698 1034 758 1073 ut
779 1020 832 1072 in
864 1018 1076 1072 summis
1099 1038 1262 1072 rerum
1299 1018 1552 1091 angustiis
1582 1017 1709 1070 nihil

150 1117 288 1188 quod
308 1115 361 1168 in
383 1134 523 1167 more
542 1112 768 1185 positum
792 1127 899 1164 erat
919 1110 1254 1182 institutoque
1277 1109 1528 1180 majorum
1549 1108 1704 1162 omit-

82 1192 86 1196 *
150 1224 313 1269 teret,
353 1205 621 1279 gentisque
656 1203 924 1259 universae
964 1202 1155 1273 optatis
1191 1204 1549 1273 obsequeretur
1583 1243 1597 1265 ,
1641 1220 1708 1254 ex

149 1297 310 1351 tribus
344 1297 500 1350 totius
532 1296 673 1370 regni
697 1294 963 1348 ordinibus
979 1336 992 1358 ‚
1018 1293 1498 1348 Ecclesiasticorum
1523 1291 1707 1348 videli-

154 1404 238 1443 cet
256 1430 270 1451 ‚
293 1387 561 1441 Nobilium
586 1430 600 1451 ‚
633 1387 1042 1458 reliquorumque
1068 1385 1278 1443 Civium
1301 1383 1705 1456 spectatissimos

148 1473 272 1554 eligi
295 1496 344 1534 et
374 1479 677 1552 congregari
713 1477 888 1548 jubet,
929 1478 1019 1550 qui
1055 1477 1220 1550 rogati
1257 1476 1534 1531 sententias
1573 1475 1724 1528 dice-.

149 1587 261 1625 rent
298 1613 312 1635 ,
355 1590 630 1642 secumque
682 1569 896 1623 afflictis
933 1589 994 1624 ac
1032 1587 1160 1641 pene
1199 1569 1464 1640 prostratis
1507 1567 1707 1622 Galliae

148 1665 297 1718 rebus
330 1664 686 1718 consulerent.
734 1663 814 1715 Ex
844 1682 946 1732 quo
978 1661 1033 1716 in
1061 1678 1270 1733 gentem
1308 1679 1454 1714 suam
1486 1658 1704 1723 meritO,

150 1757 288 1827 quod
310 1756 374 1808 ad
395 1754 495 1808 alia
516 1752 622 1825 ejus
645 1752 1040 1807 innumerabilia
1060 1752 1221 1809 Veluti
1254 1752 1490 1806 cumulus
1531 1769 1706 1804 acces-

154 1847 221 1902 sit
243 1889 257 1911 ,
284 1847 486 1919 qualem
510 1844 676 1920 (proh
698 1847 871 1898 Deum
894 1844 1235 1898 immortalem
1257 1847 1267 1894 1
1293 1841 1316 1917 )
1349 1858 1701 1913 quantumque

150 1941 286 2011 cepit
326 1938 582 2011 principio
622 1937 904 2008 Voluptatis
945 1936 1206 1989 fructum!
1252 1936 1374 1988 Non
1416 1935 1533 1987 Rex
1573 1933 1706 1985 inter

151 2030 481 2084 administros
514 2045 565 2083 et
600 2028 920 2084 consiliarios
956 2046 1079 2082 suos
1116 2027 1171 2080 in
1210 2024 1518 2099 gravissimo
1553 2023 1711 2076 totius

152 2121 349 2174 Galliae
373 2120 611 2174 Concilio
635 2162 649 2184 ,
691 2121 780 2174 secl
808 2118 1179 2173 Paterfamilias
1218 2118 1272 2171 in
1309 2117 1511 2188 privata
1548 2116 1706 2169 domo

148 2211 280 2266 inter
302 2212 684 2266 amantissimos
706 2211 842 2265 filios
867 2210 1181 2264 constitum
1215 2208 1315 2263 sibi
1352 2227 1461 2262 esse
1499 2208 1707 2264 videba-

150 2318 231 2357 tur
252 2344 262 2355 .
304 2307 454 2372 Quae
478 2302 585 2375 ejus
608 2304 764 2359 verba
784 2344 798 2366 ,
837 2321 991 2373 quam
1014 2299 1344 2354 humanitatis
1367 2314 1417 2352 et
1438 2298 1707 2370 indulgen-

152 2394 254 2447 tiae
289 2395 470 2465 plena!
516 2395 685 2459 Quam
727 2410 1013 2451 reverenter
1047 2413 1077 2445 a
1120 2407 1233 2444 toto
1271 2392 1363 2444 illo
1404 2406 1663 2446 conventu
1688 2430 1704 2452 ,

151 2505 304 2557 quam
327 2502 643 2557 peramanter
664 2488 907 2556 excepta!
954 2483 1100 2548 Quid
1120 2502 1242 2539 Vero
1264 2482 1485 2553 populus
1510 2484 1521 2532 Σ
1556 2480 1706 2543 Quae

152 2595 217 2633 ex
238 2577 475 2631 omnium
495 2577 644 2634 vultu
665 2577 858 2630 laetitia
882 2576 1182 2646 erumpebat
1206 2578 1217 2625 Σ
1263 2573 1412 2637 Quae
1436 2591 1502 2626 ex
1535 2570 1705 2623 oculis

154 2666 414 2738 lacrymae
436 2710 450 2731 ‚
496 2685 703 2723 mutuae
734 2668 788 2722 in
819 2669 1019 2741 Regem
1042 2685 1193 2721 suum
1225 2663 1451 2721 caritatis
1475 2662 1709 2737 gratique

157 2757 315 2813 animi
340 2772 490 2811 testes
515 2763 527 2811 Ξ
