2180 3537
1017 401 1087 455 *s
1128 389 1204 463 48
1245 401 1317 456 >a

386 501 615 556 citudine
637 498 839 575 exegit.
863 499 1016 555 Credi
1039 499 1131 558 vix
1151 516 1350 573 potest,
1370 518 1499 573 quae
1520 498 1710 555 interea
1732 499 1940 553 manda-

382 611 431 648 ta
453 594 646 648 dederit
664 637 678 659 ,
720 614 847 666 quae
869 592 1130 664 scripserit
1151 634 1165 656 ‚
1188 614 1340 664 quam
1362 593 1417 648 in
1445 592 1720 665 tranquillo
1751 591 1905 646 fuerit
1922 630 1936 645 .

382 687 472 738 Ad
493 703 778 740 extremum
801 683 1103 756 compositis
1126 685 1274 738 rebus
1296 684 1540 740 omnibus
1559 726 1574 749 ‚
1597 684 1813 757 aliisque
1845 702 1940 738 cu·-

375 776 444 831 ris
467 778 663 831 solutus
687 776 855 831 enixis
877 795 933 831 se
955 778 1073 830 Deo
1093 775 1330 848 precibus
1355 777 1741 834 commendavit
1759 817 1775 841 ,
1819 795 1937 831 cae-

376 869 590 942 lestique
612 871 752 924 Pane
774 867 1159 942 religiosissime
1181 867 1327 923 refici
1350 866 1519 924 voluit
1536 909 1551 932 ‚
1572 883 1634 922 ut
1655 870 1721 922 ad
1741 885 1936 940 postre-

375 982 513 1018 mam
535 961 677 1015 illam
700 962 894 1017 luctam
916 960 1236 1016 subeundam
1256 958 1481 1032 paratior
1501 973 1553 1013 et
1572 957 1757 1012 fortior
1783 977 1934 1014 acce-

378 1057 521 1109 deret
544 1096 555 1108 .
604 1055 738 1108 Cum
760 1073 882 1112 vero
904 1072 1081 1109 secure
1104 1051 1528 1124 confidenterque
1549 1049 1731 1105 mortis
1753 1052 1938 1105 horam

378 1147 714 1220 praestolanti
735 1147 944 1201 feralem
967 1129 1173 1202 currum
1192 1187 1206 1211 ,
1249 1164 1352 1218 quo
1387 1146 1452 1199 ad
1489 1142 1804 1216 supplicium
1845 1159 1937 1200 Ve-

379 1242 580 1295 heretur
598 1282 612 1304 ‚
655 1240 831 1294 adesse
852 1238 1158 1294 nunciatum
1181 1254 1258 1292 est
1274 1279 1292 1303 ,
1333 1252 1539 1309 praesto
1561 1255 1615 1290 se
1639 1253 1752 1290 esse
1792 1250 1936 1290 tanta

375 1331 523 1390 Vocis
545 1331 806 1387 alacritate
827 1329 1127 1403 respondit,
1169 1344 1227 1384 ut
1248 1348 1353 1384 non
1391 1329 1457 1382 ad
1495 1344 1717 1382 mortem
1757 1327 1891 1382 trudi
1915 1369 1931 1393 ‚

374 1427 464 1479 sed
485 1445 512 1479 e
533 1425 770 1480 custodia
792 1425 934 1480 caelo
955 1422 1057 1493 jam
1079 1422 1183 1495 jam
1206 1421 1510 1478 inserendus
1543 1420 1697 1476 educi
1733 1420 1933 1479 videre-

375 1532 459 1571 tur
477 1559 489 1570 .
536 1517 583 1571 O
619 1516 798 1571 miram
831 1516 887 1571 in
924 1516 1092 1572 media
1132 1530 1434 1588 tempestate
1473 1512 1932 1587 tranquillitatem!

377 1608 706 1665 Catholicum
729 1609 1076 1673 Sacerdotem,
1100 1627 1204 1681 quo
1225 1605 1587 1662 Poenitentiae
1610 1606 1932 1662 Sacramenti

371 1701 696 1756 admimistro
719 1721 841 1757 usus
863 1720 968 1756 erat
989 1742 1004 1766 ,
1045 1701 1162 1758 Viae
1193 1700 1440 1755 comitem
1477 1699 1678 1764 voluit,
1720 1699 1932 1772 piasque

371 1811 494 1847 cum
517 1813 579 1848 eo
602 1811 777 1865 preces
799 1793 1025 1847 recitans
1043 1833 1057 1855 ,
1080 1790 1268 1862 quibus
1285 1790 1699 1844 Christianorum
1721 1789 1930 1844 animae

368 1886 466 1938 sub
488 1884 625 1941 Vitae
646 1884 843 1939 exitum
865 1885 984 1938 Deo
1005 1884 1067 1936 de
1085 1901 1228 1936 more
1242 1881 1676 1936 commendantur
1691 1923 1707 1946 ‚
1726 1882 1792 1936 ad
1812 1901 1929 1954 sup-

367 1975 515 2049 plicii
537 1978 711 2033 locum
735 1975 972 2049 pervenit
990 2016 1002 2027 .
1049 1973 1243 2029 Omnia
1265 1972 1484 2030 velutin
1505 1987 1653 2030 vasta
1690 1972 1927 2029 solitudi-

369 2088 437 2124 ne
461 2068 595 2125 tristi
633 2068 844 2124 silentio
879 2081 1024 2122 muta
1063 2066 1368 2137 torpebant:
1413 2064 1530 2118 Rex
1563 2063 1849 2136 paullulum
1869 2063 1928 2118 in

368 2179 522 2216 curru
544 2176 772 2215 moratus
797 2200 811 2224 ‚
833 2175 892 2215 ut
914 2173 1230 2230 postremum
1251 2178 1282 2211 a
1302 2158 1579 2212 Sacerdote
1600 2157 1891 2230 expiaretur
1906 2173 1929 2223 ‚'

368 2252 657 2323 patibulum
681 2251 823 2306 solus
853 2251 1211 2324 interritusque
1249 2250 1588 2305 conscendit.
1627 2250 1925 2304 Circumfu-

367 2362 478 2398 sam
496 2343 878 2398 multitudinem
899 2343 1061 2397 libera
1083 2343 1452 2415 tranquillaque
1480 2361 1617 2400 voce
1638 2342 1923 2415 alloquenti

366 2436 557 2508 impius
581 2435 900 2508 crudelisque
931 2435 1132 2490 satelles
1151 2476 1166 2499 ‚
1199 2434 1289 2506 qui
1311 2434 1568 2506 supplicio
1585 2451 1836 2507 praeerat,
1857 2434 1924 2488 si—

367 2529 583 2583 lentium
605 2528 826 2591 indicit;
868 2545 918 2583 et
939 2527 1279 2582 nihilominus
1301 2527 1561 2599 loquentis
1592 2529 1749 2584 verba
1788 2541 1920 2599 tym-

365 2642 616 2694 panorum
654 2621 828 2675 sonitu
861 2663 874 2685 ,
917 2623 1254 2692 tubarumque
1289 2619 1538 2692 clangore
1580 2616 1808 2688 obstrepi
1838 2615 1918 2688 ju-

364 2713 452 2768 bet
475 2752 486 2763 .
514 2714 726 2765 Inanem
751 2712 1049 2783 impotentis
1072 2710 1334 2782 parricidii
1355 2712 1633 2763 conatum!
1674 2710 1920 2782 Eruperat

365 2803 505 2860 enim
530 2843 544 2869 ,
587 2819 818 2875 eruperat
855 2800 957 2873 jam
995 2818 1047 2856 et
1082 2801 1215 2856 clare
1253 2800 1498 2856 omnibus
1534 2800 1775 2856 exaudita
1811 2815 1917 2855 erat
