<?xml version="1.0" encoding="UTF-8"?>
<!DOCTYPE html PUBLIC "-//W3C//DTD XHTML 1.0 Transitional//EN"
    "http://www.w3.org/TR/xhtml1/DTD/xhtml1-transitional.dtd">
<html xmlns="http://www.w3.org/1999/xhtml" xml:lang="en" lang="en">
 <head>
  <title>
</title>
<meta http-equiv="Content-Type" content="text/html;charset=utf-8" />
  <meta name='ocr-system' content='tesseract 3.04.00' />
  <meta name='ocr-capabilities' content='ocr_page ocr_carea ocr_par ocr_line ocrx_word'/>
</head>
<body>
  <div class='ocr_page' id='page_1' title='image "./infunereludovici00lear_0015.png"; bbox 0 0 2180 3537; ppageno 0'>
   <div class='ocr_carea' id='block_1_1' title="bbox 167 392 1734 2763">
    <p class='ocr_par' dir='ltr' id='par_1_1' title="bbox 167 392 1734 2763">
     <span class='ocr_line' id='line_1_1' title="bbox 835 392 1096 455; baseline 0 -17"><span class='ocrx_word' id='word_1_1' title='bbox 835 392 907 444; x_wconf 40' lang='lat'>454</span> <span class='ocrx_word' id='word_1_2' title='bbox 952 402 980 455; x_wconf 84' lang='lat'>3</span> <span class='ocrx_word' id='word_1_3' title='bbox 1025 393 1096 445; x_wconf 51' lang='lat'>³44⁶</span> 
     </span>
     <span class='ocr_line' id='line_1_2' title="bbox 170 486 1722 563; baseline 0 -19"><span class='ocrx_word' id='word_1_4' title='bbox 170 508 284 545; x_wconf 83' lang='lat' dir='ltr'>rum</span> <span class='ocrx_word' id='word_1_5' title='bbox 329 505 508 543; x_wconf 88' lang='lat' dir='ltr'>manus</span> <span class='ocrx_word' id='word_1_6' title='bbox 531 528 546 552; x_wconf 79' lang='lat'><strong>‚</strong></span> <span class='ocrx_word' id='word_1_7' title='bbox 586 501 859 560; x_wconf 78' lang='lat' dir='ltr'>postquam</span> <span class='ocrx_word' id='word_1_8' title='bbox 896 506 1108 542; x_wconf 83' lang='lat' dir='ltr'>omnem</span> <span class='ocrx_word' id='word_1_9' title='bbox 1132 507 1161 541; x_wconf 93' lang='lat' dir='ltr'>a</span> <span class='ocrx_word' id='word_1_10' title='bbox 1182 506 1236 542; x_wconf 93' lang='lat' dir='ltr'>se</span> <span class='ocrx_word' id='word_1_11' title='bbox 1267 486 1570 563; x_wconf 78' lang='lat' dir='ltr'>religionem</span> <span class='ocrx_word' id='word_1_12' title='bbox 1610 508 1722 561; x_wconf 86' lang='lat' dir='ltr'>pes-</span> 
     </span>
     <span class='ocr_line' id='line_1_3' title="bbox 169 579 1724 653; baseline 0 -17"><span class='ocrx_word' id='word_1_13' title='bbox 169 581 466 636; x_wconf 83' lang='lat' dir='ltr'>sumdatum</span> <span class='ocrx_word' id='word_1_14' title='bbox 485 620 501 644; x_wconf 85' lang='lat'>‚</span> <span class='ocrx_word' id='word_1_15' title='bbox 543 579 739 652; x_wconf 82' lang='lat' dir='ltr'>regiam</span> <span class='ocrx_word' id='word_1_16' title='bbox 763 599 970 633; x_wconf 88' lang='lat' dir='ltr'>omnem</span> <span class='ocrx_word' id='word_1_17' title='bbox 993 597 1299 653; x_wconf 89' lang='lat' dir='ltr'>potestatem</span> <span class='ocrx_word' id='word_1_18' title='bbox 1326 583 1546 635; x_wconf 86' lang='lat' dir='ltr'>deletum</span> <span class='ocrx_word' id='word_1_19' title='bbox 1572 624 1586 646; x_wconf 81' lang='grc'>,</span> <span class='ocrx_word' id='word_1_20' title='bbox 1630 583 1724 636; x_wconf 90' lang='lat' dir='ltr'>hu-</span> 
     </span>
     <span class='ocr_line' id='line_1_4' title="bbox 168 671 1724 729; baseline 0.002 -4"><span class='ocrx_word' id='word_1_21' title='bbox 168 691 323 726; x_wconf 90' lang='lat' dir='ltr'>mana</span> <span class='ocrx_word' id='word_1_22' title='bbox 344 672 520 725; x_wconf 90' lang='lat' dir='ltr'>omnia</span> <span class='ocrx_word' id='word_1_23' title='bbox 541 690 603 725; x_wconf 90' lang='lat' dir='ltr'>ac</span> <span class='ocrx_word' id='word_1_24' title='bbox 629 671 805 728; x_wconf 87' lang='lat' dir='ltr'>divina</span> <span class='ocrx_word' id='word_1_25' title='bbox 826 671 1080 729; x_wconf 88' lang='lat' dir='ltr'>violatum</span> <span class='ocrx_word' id='word_1_26' title='bbox 1101 672 1162 726; x_wconf 88' lang='lat' dir='ltr'>iri</span> <span class='ocrx_word' id='word_1_27' title='bbox 1184 673 1238 727; x_wconf 90' lang='lat' dir='ltr'>in</span> <span class='ocrx_word' id='word_1_28' title='bbox 1262 673 1467 728; x_wconf 78' lang='lat' dir='ltr'>nefariis</span> <span class='ocrx_word' id='word_1_29' title='bbox 1487 674 1591 728; x_wconf 88' lang='lat' dir='ltr'>illis</span> <span class='ocrx_word' id='word_1_30' title='bbox 1617 674 1724 729; x_wconf 82' lang='lat' dir='ltr'>suis</span> 
     </span>
     <span class='ocr_line' id='line_1_5' title="bbox 168 762 1724 840; baseline 0.001 -22"><span class='ocrx_word' id='word_1_31' title='bbox 168 764 404 818; x_wconf 89' lang='lat' dir='ltr'>coetibus</span> <span class='ocrx_word' id='word_1_32' title='bbox 443 762 702 835; x_wconf 79' lang='lat' dir='ltr'>juraverat</span> <span class='ocrx_word' id='word_1_33' title='bbox 738 805 753 828; x_wconf 87' lang='lat'>‚</span> <span class='ocrx_word' id='word_1_34' title='bbox 807 763 863 817; x_wconf 88' lang='lat' dir='ltr'>in</span> <span class='ocrx_word' id='word_1_35' title='bbox 899 765 1102 838; x_wconf 82' lang='lat' dir='ltr'><strong>Regem</strong></span> <span class='ocrx_word' id='word_1_36' title='bbox 1144 765 1403 838; x_wconf 86' lang='lat' dir='ltr'>optimum</span> <span class='ocrx_word' id='word_1_37' title='bbox 1445 767 1724 840; x_wconf 79' lang='lat' dir='ltr'>sacrilegas</span> 
     </span>
     <span class='ocr_line' id='line_1_6' title="bbox 167 853 1720 927; baseline 0.001 -18"><span class='ocrx_word' id='word_1_38' title='bbox 167 876 352 911; x_wconf 86' lang='lat' dir='ltr'>manus</span> <span class='ocrx_word' id='word_1_39' title='bbox 385 857 571 909; x_wconf 88' lang='lat' dir='ltr'>inferre</span> <span class='ocrx_word' id='word_1_40' title='bbox 592 897 607 919; x_wconf 81' lang='lat'><strong>‚</strong></span> <span class='ocrx_word' id='word_1_41' title='bbox 649 872 800 926; x_wconf 87' lang='lat' dir='ltr'>atque</span> <span class='ocrx_word' id='word_1_42' title='bbox 822 853 930 925; x_wconf 77' lang='lat' dir='ltr'>ejus</span> <span class='ocrx_word' id='word_1_43' title='bbox 952 856 1206 927; x_wconf 78' lang='lat' dir='ltr'>sanguine</span> <span class='ocrx_word' id='word_1_44' title='bbox 1226 856 1435 909; x_wconf 82' lang='lat' dir='ltr'>foedare</span> <span class='ocrx_word' id='word_1_45' title='bbox 1468 876 1587 910; x_wconf 85' lang='lat' dir='ltr'>ausa</span> <span class='ocrx_word' id='word_1_46' title='bbox 1609 873 1687 910; x_wconf 86' lang='lat' dir='ltr'>est</span> <span class='ocrx_word' id='word_1_47' title='bbox 1708 899 1720 910; x_wconf 89' lang='lat'><strong>.</strong></span> 
     </span>
     <span class='ocr_line' id='line_1_7' title="bbox 172 944 1721 1018; baseline 0.001 -18"><span class='ocrx_word' id='word_1_48' title='bbox 172 946 343 1000; x_wconf 86' lang='lat' dir='ltr'>Gallia</span> <span class='ocrx_word' id='word_1_49' title='bbox 367 988 381 1011; x_wconf 82' lang='grc'>,</span> <span class='ocrx_word' id='word_1_50' title='bbox 415 965 544 1018; x_wconf 88' lang='lat' dir='ltr'>quae</span> <span class='ocrx_word' id='word_1_51' title='bbox 566 964 685 1001; x_wconf 84' lang='lat' dir='ltr'>Vere</span> <span class='ocrx_word' id='word_1_52' title='bbox 708 944 879 997; x_wconf 86' lang='lat' dir='ltr'>Gallia</span> <span class='ocrx_word' id='word_1_53' title='bbox 900 959 978 998; x_wconf 90' lang='lat' dir='ltr'>est</span> <span class='ocrx_word' id='word_1_54' title='bbox 999 985 1014 1009; x_wconf 78' lang='lat'>‚</span> <span class='ocrx_word' id='word_1_55' title='bbox 1052 945 1371 1017; x_wconf 88' lang='lat' dir='ltr'>optimorum</span> <span class='ocrx_word' id='word_1_56' title='bbox 1411 947 1609 1004; x_wconf 80' lang='lat' dir='ltr'>civium</span> <span class='ocrx_word' id='word_1_57' title='bbox 1644 967 1721 1001; x_wconf 83' lang='lat' dir='ltr'>re-</span> 
     </span>
     <span class='ocr_line' id='line_1_8' title="bbox 169 1035 1726 1112; baseline 0.003 -22"><span class='ocrx_word' id='word_1_58' title='bbox 169 1038 386 1112; x_wconf 80' lang='lat' dir='ltr'>giaeque</span> <span class='ocrx_word' id='word_1_59' title='bbox 412 1035 737 1091; x_wconf 77' lang='lat' dir='ltr'>auctoritatis</span> <span class='ocrx_word' id='word_1_60' title='bbox 762 1035 1264 1093; x_wconf 81' lang='lat' dir='ltr'>studiosissimorum</span> <span class='ocrx_word' id='word_1_61' title='bbox 1297 1041 1629 1095; x_wconf 85' lang='lat' dir='ltr'>multitudine</span> <span class='ocrx_word' id='word_1_62' title='bbox 1654 1062 1726 1095; x_wconf 81' lang='lat' dir='ltr'>re-</span> 
     </span>
     <span class='ocr_line' id='line_1_9' title="bbox 170 1128 1730 1202; baseline 0.003 -18"><span class='ocrx_word' id='word_1_63' title='bbox 170 1132 441 1195; x_wconf 82' lang='lat' dir='ltr'>dundans,</span> <span class='ocrx_word' id='word_1_64' title='bbox 481 1145 569 1183; x_wconf 89' lang='lat' dir='ltr'>aut</span> <span class='ocrx_word' id='word_1_65' title='bbox 608 1128 663 1182; x_wconf 93' lang='lat' dir='ltr'>in</span> <span class='ocrx_word' id='word_1_66' title='bbox 694 1129 839 1183; x_wconf 89' lang='lat' dir='ltr'>luctu</span> <span class='ocrx_word' id='word_1_67' title='bbox 879 1145 931 1183; x_wconf 88' lang='lat' dir='ltr'>et</span> <span class='ocrx_word' id='word_1_68' title='bbox 966 1130 1203 1202; x_wconf 79' lang='lat' dir='ltr'>squalore</span> <span class='ocrx_word' id='word_1_69' title='bbox 1241 1132 1503 1187; x_wconf 80' lang='lat' dir='ltr'>delitescit</span> <span class='ocrx_word' id='word_1_70' title='bbox 1547 1134 1730 1188; x_wconf 84' lang='lat' dir='ltr'>debac-</span> 
     </span>
     <span class='ocr_line' id='line_1_10' title="bbox 172 1222 1724 1295; baseline 0 -17"><span class='ocrx_word' id='word_1_71' title='bbox 172 1225 437 1278; x_wconf 87' lang='lat' dir='ltr'>chantium</span> <span class='ocrx_word' id='word_1_72' title='bbox 458 1223 648 1295; x_wconf 88' lang='lat' dir='ltr'>ubique</span> <span class='ocrx_word' id='word_1_73' title='bbox 676 1222 947 1276; x_wconf 89' lang='lat' dir='ltr'>hominum</span> <span class='ocrx_word' id='word_1_74' title='bbox 980 1239 1098 1295; x_wconf 91' lang='lat' dir='ltr'>post</span> <span class='ocrx_word' id='word_1_75' title='bbox 1130 1223 1364 1279; x_wconf 88' lang='lat' dir='ltr'>homines</span> <span class='ocrx_word' id='word_1_76' title='bbox 1400 1242 1548 1280; x_wconf 92' lang='lat' dir='ltr'>natos</span> <span class='ocrx_word' id='word_1_77' title='bbox 1574 1242 1724 1279; x_wconf 86' lang='lat' dir='ltr'>teter-</span> 
     </span>
     <span class='ocr_line' id='line_1_11' title="bbox 169 1315 1728 1389; baseline 0 -20"><span class='ocrx_word' id='word_1_78' title='bbox 169 1316 418 1370; x_wconf 87' lang='lat' dir='ltr'>rimorum</span> <span class='ocrx_word' id='word_1_79' title='bbox 441 1315 593 1369; x_wconf 88' lang='lat' dir='ltr'>minis</span> <span class='ocrx_word' id='word_1_80' title='bbox 617 1334 859 1388; x_wconf 88' lang='lat' dir='ltr'>oppressa</span> <span class='ocrx_word' id='word_1_81' title='bbox 881 1357 895 1380; x_wconf 82' lang='grc'><strong>,</strong></span> <span class='ocrx_word' id='word_1_82' title='bbox 936 1315 1180 1371; x_wconf 88' lang='lat' dir='ltr'>caedibus</span> <span class='ocrx_word' id='word_1_83' title='bbox 1202 1318 1561 1389; x_wconf 82' lang='lat' dir='ltr'>perterrefacta</span> <span class='ocrx_word' id='word_1_84' title='bbox 1580 1360 1594 1382; x_wconf 82' lang='lat'>‚</span> <span class='ocrx_word' id='word_1_85' title='bbox 1636 1332 1728 1370; x_wconf 86' lang='lat' dir='ltr'>aut</span> 
     </span>
     <span class='ocr_line' id='line_1_12' title="bbox 171 1407 1728 1482; baseline -0.001 -17"><span class='ocrx_word' id='word_1_86' title='bbox 171 1409 293 1465; x_wconf 83' lang='lat' dir='ltr'>sicis</span> <span class='ocrx_word' id='word_1_87' title='bbox 317 1409 495 1481; x_wconf 74' lang='lat' dir='ltr'>jugulo</span> <span class='ocrx_word' id='word_1_88' title='bbox 534 1407 798 1462; x_wconf 86' lang='lat' dir='ltr'>intentatis</span> <span class='ocrx_word' id='word_1_89' title='bbox 837 1408 1043 1480; x_wconf 82' lang='lat' dir='ltr'>elapsa,</span> <span class='ocrx_word' id='word_1_90' title='bbox 1081 1409 1301 1464; x_wconf 79' lang='lat' dir='ltr'>extorriS</span> <span class='ocrx_word' id='word_1_91' title='bbox 1339 1409 1502 1482; x_wconf 86' lang='lat' dir='ltr'>patria</span> <span class='ocrx_word' id='word_1_92' title='bbox 1527 1451 1540 1473; x_wconf 86' lang='lat'>‚</span> <span class='ocrx_word' id='word_1_93' title='bbox 1577 1410 1728 1464; x_wconf 85' lang='lat' dir='ltr'>bonis</span> 
     </span>
     <span class='ocr_line' id='line_1_13' title="bbox 172 1499 1727 1572; baseline 0.001 -17"><span class='ocrx_word' id='word_1_94' title='bbox 172 1499 417 1555; x_wconf 90' lang='lat' dir='ltr'>omnibus</span> <span class='ocrx_word' id='word_1_95' title='bbox 440 1499 659 1570; x_wconf 87' lang='lat' dir='ltr'>spoliata</span> <span class='ocrx_word' id='word_1_96' title='bbox 682 1540 697 1563; x_wconf 78' lang='lat'>‚</span> <span class='ocrx_word' id='word_1_97' title='bbox 734 1501 801 1553; x_wconf 92' lang='lat' dir='ltr'>ad</span> <span class='ocrx_word' id='word_1_98' title='bbox 823 1499 1078 1553; x_wconf 87' lang='lat' dir='ltr'>tumulum</span> <span class='ocrx_word' id='word_1_99' title='bbox 1100 1520 1263 1572; x_wconf 90' lang='lat' dir='ltr'>usque</span> <span class='ocrx_word' id='word_1_100' title='bbox 1286 1502 1653 1558; x_wconf 82' lang='lat' dir='ltr'>lamentatione</span> <span class='ocrx_word' id='word_1_101' title='bbox 1675 1519 1727 1557; x_wconf 90' lang='lat' dir='ltr'>et</span> 
     </span>
     <span class='ocr_line' id='line_1_14' title="bbox 172 1591 1729 1668; baseline 0.001 -21"><span class='ocrx_word' id='word_1_102' title='bbox 172 1595 383 1665; x_wconf 83' lang='lat' dir='ltr'>planctu</span> <span class='ocrx_word' id='word_1_103' title='bbox 405 1634 422 1656; x_wconf 83' lang='lat'><em>‚</em></span> <span class='ocrx_word' id='word_1_104' title='bbox 459 1610 560 1663; x_wconf 88' lang='lat' dir='ltr'>qua</span> <span class='ocrx_word' id='word_1_105' title='bbox 600 1592 710 1646; x_wconf 86' lang='lat' dir='ltr'>sola</span> <span class='ocrx_word' id='word_1_106' title='bbox 750 1591 951 1645; x_wconf 91' lang='lat' dir='ltr'>ratione</span> <span class='ocrx_word' id='word_1_107' title='bbox 987 1606 1162 1664; x_wconf 86' lang='lat' dir='ltr'>potest</span> <span class='ocrx_word' id='word_1_108' title='bbox 1192 1634 1207 1657; x_wconf 93' lang='lat'>,</span> <span class='ocrx_word' id='word_1_109' title='bbox 1250 1609 1491 1648; x_wconf 89' lang='lat' dir='ltr'>enectum</span> <span class='ocrx_word' id='word_1_110' title='bbox 1529 1595 1729 1668; x_wconf 79' lang='lat' dir='ltr'>Regem</span> 
     </span>
     <span class='ocr_line' id='line_1_15' title="bbox 174 1684 1726 1758; baseline 0.001 -19"><span class='ocrx_word' id='word_1_111' title='bbox 174 1684 496 1757; x_wconf 82' lang='lat' dir='ltr'>prosequitur</span> <span class='ocrx_word' id='word_1_112' title='bbox 516 1726 531 1749; x_wconf 82' lang='lat'>‚</span> <span class='ocrx_word' id='word_1_113' title='bbox 569 1703 832 1756; x_wconf 86' lang='lat' dir='ltr'>nunquam</span> <span class='ocrx_word' id='word_1_114' title='bbox 857 1684 1120 1758; x_wconf 85' lang='lat' dir='ltr'>lacrymas</span> <span class='ocrx_word' id='word_1_115' title='bbox 1152 1685 1458 1739; x_wconf 84' lang='lat' dir='ltr'>exhaustura</span> <span class='ocrx_word' id='word_1_116' title='bbox 1476 1727 1490 1750; x_wconf 85' lang='lat'>,</span> <span class='ocrx_word' id='word_1_117' title='bbox 1530 1687 1726 1741; x_wconf 85' lang='lat' dir='ltr'>nullam</span> 
     </span>
     <span class='ocr_line' id='line_1_16' title="bbox 174 1774 1728 1850; baseline 0 -18"><span class='ocrx_word' id='word_1_118' title='bbox 174 1797 399 1850; x_wconf 88' lang='lat' dir='ltr'>unquam</span> <span class='ocrx_word' id='word_1_119' title='bbox 422 1777 831 1832; x_wconf 84' lang='lat' dir='ltr'>consolationem</span> <span class='ocrx_word' id='word_1_120' title='bbox 868 1776 1156 1831; x_wconf 83' lang='lat' dir='ltr'>adhibitura</span> <span class='ocrx_word' id='word_1_121' title='bbox 1193 1776 1361 1830; x_wconf 87' lang='lat' dir='ltr'>dolori</span> <span class='ocrx_word' id='word_1_122' title='bbox 1384 1796 1480 1832; x_wconf 83' lang='lat' dir='ltr'>suo</span> <span class='ocrx_word' id='word_1_123' title='bbox 1505 1819 1516 1830; x_wconf 91' lang='lat'>.</span> <span class='ocrx_word' id='word_1_124' title='bbox 1565 1774 1728 1847; x_wconf 80' lang='lat' dir='ltr'>Cujus</span> 
     </span>
     <span class='ocr_line' id='line_1_17' title="bbox 174 1868 1728 1943; baseline -0.002 -18"><span class='ocrx_word' id='word_1_125' title='bbox 174 1871 380 1943; x_wconf 86' lang='lat' dir='ltr'>Europa</span> <span class='ocrx_word' id='word_1_126' title='bbox 419 1869 662 1927; x_wconf 83' lang='lat' dir='ltr'>universa</span> <span class='ocrx_word' id='word_1_127' title='bbox 696 1869 923 1941; x_wconf 84' lang='lat' dir='ltr'>ploratui</span> <span class='ocrx_word' id='word_1_128' title='bbox 960 1868 1378 1941; x_wconf 88' lang='lat' dir='ltr'>clamoribusque</span> <span class='ocrx_word' id='word_1_129' title='bbox 1413 1870 1687 1940; x_wconf 87' lang='lat' dir='ltr'>respondet</span> <span class='ocrx_word' id='word_1_130' title='bbox 1711 1889 1728 1922; x_wconf 72' lang='grc' dir='ltr'>ε</span> 
     </span>
     <span class='ocr_line' id='line_1_18' title="bbox 176 1960 1734 2036; baseline -0.003 -18"><span class='ocrx_word' id='word_1_131' title='bbox 176 1964 412 2036; x_wconf 87' lang='lat' dir='ltr'>squalent</span> <span class='ocrx_word' id='word_1_132' title='bbox 447 1964 600 2017; x_wconf 87' lang='lat' dir='ltr'>urbes</span> <span class='ocrx_word' id='word_1_133' title='bbox 623 2004 638 2028; x_wconf 88' lang='lat'><strong><em>‚</em></strong></span> <span class='ocrx_word' id='word_1_134' title='bbox 675 1961 999 2016; x_wconf 80' lang='lat' dir='ltr'>afflictantur</span> <span class='ocrx_word' id='word_1_135' title='bbox 1033 1960 1336 2033; x_wconf 87' lang='lat' dir='ltr'>provinciae</span> <span class='ocrx_word' id='word_1_136' title='bbox 1358 2001 1373 2025; x_wconf 82' lang='lat'>‚</span> <span class='ocrx_word' id='word_1_137' title='bbox 1419 1960 1587 2034; x_wconf 79' lang='lat' dir='ltr'>regiae</span> <span class='ocrx_word' id='word_1_138' title='bbox 1619 1981 1734 2014; x_wconf 77' lang='lat' dir='ltr'>om-</span> 
     </span>
     <span class='ocr_line' id='line_1_19' title="bbox 176 2052 1731 2126; baseline -0.003 -16"><span class='ocrx_word' id='word_1_139' title='bbox 176 2075 268 2111; x_wconf 90' lang='lat' dir='ltr'>nes</span> <span class='ocrx_word' id='word_1_140' title='bbox 291 2057 566 2111; x_wconf 83' lang='lat' dir='ltr'>confectae</span> <span class='ocrx_word' id='word_1_141' title='bbox 599 2054 747 2110; x_wconf 91' lang='lat' dir='ltr'>senio</span> <span class='ocrx_word' id='word_1_142' title='bbox 769 2070 889 2108; x_wconf 92' lang='lat' dir='ltr'>sunt</span> <span class='ocrx_word' id='word_1_143' title='bbox 914 2075 932 2118; x_wconf 69' lang='grc' dir='ltr'><strong>ς</strong></span> <span class='ocrx_word' id='word_1_144' title='bbox 969 2070 1120 2126; x_wconf 90' lang='lat' dir='ltr'>atque</span> <span class='ocrx_word' id='word_1_145' title='bbox 1150 2052 1241 2107; x_wconf 90' lang='lat' dir='ltr'>ubi</span> <span class='ocrx_word' id='word_1_146' title='bbox 1271 2052 1547 2125; x_wconf 86' lang='lat' dir='ltr'>quidquam</span> <span class='ocrx_word' id='word_1_147' title='bbox 1569 2052 1731 2106; x_wconf 87' lang='lat' dir='ltr'>homi-</span> 
     </span>
     <span class='ocr_line' id='line_1_20' title="bbox 176 2141 1734 2216; baseline -0.003 -15"><span class='ocrx_word' id='word_1_148' title='bbox 176 2165 304 2201; x_wconf 87' lang='lat' dir='ltr'>num</span> <span class='ocrx_word' id='word_1_149' title='bbox 332 2145 740 2198; x_wconf 85' lang='lat' dir='ltr'>misericordium</span> <span class='ocrx_word' id='word_1_150' title='bbox 774 2160 853 2199; x_wconf 90' lang='lat' dir='ltr'>est</span> <span class='ocrx_word' id='word_1_151' title='bbox 889 2186 905 2209; x_wconf 86' lang='lat'><strong>‚</strong></span> <span class='ocrx_word' id='word_1_152' title='bbox 941 2159 1033 2198; x_wconf 88' lang='lat' dir='ltr'>aut</span> <span class='ocrx_word' id='word_1_153' title='bbox 1069 2141 1274 2216; x_wconf 79' lang='lat' dir='ltr'>lugubri</span> <span class='ocrx_word' id='word_1_154' title='bbox 1308 2158 1450 2199; x_wconf 87' lang='lat' dir='ltr'>veste</span> <span class='ocrx_word' id='word_1_155' title='bbox 1474 2185 1488 2207; x_wconf 84' lang='lat'>‚</span> <span class='ocrx_word' id='word_1_156' title='bbox 1526 2159 1617 2196; x_wconf 88' lang='lat' dir='ltr'>aut</span> <span class='ocrx_word' id='word_1_157' title='bbox 1653 2160 1734 2196; x_wconf 88' lang='lat' dir='ltr'>tu-</span> 
     </span>
     <span class='ocr_line' id='line_1_21' title="bbox 176 2231 1732 2298; baseline -0.003 -8"><span class='ocrx_word' id='word_1_158' title='bbox 176 2235 332 2291; x_wconf 91' lang='lat' dir='ltr'>mulis</span> <span class='ocrx_word' id='word_1_159' title='bbox 362 2233 649 2288; x_wconf 90' lang='lat' dir='ltr'>honorariis</span> <span class='ocrx_word' id='word_1_160' title='bbox 689 2274 704 2298; x_wconf 84' lang='lat'>‚</span> <span class='ocrx_word' id='word_1_161' title='bbox 745 2250 836 2287; x_wconf 89' lang='lat' dir='ltr'>aut</span> <span class='ocrx_word' id='word_1_162' title='bbox 866 2234 1069 2286; x_wconf 85' lang='lat' dir='ltr'>funebri</span> <span class='ocrx_word' id='word_1_163' title='bbox 1102 2231 1397 2286; x_wconf 87' lang='lat' dir='ltr'>laudatione</span> <span class='ocrx_word' id='word_1_164' title='bbox 1434 2233 1732 2288; x_wconf 82' lang='lat' dir='ltr'>infelicissi-</span> 
     </span>
     <span class='ocr_line' id='line_1_22' title="bbox 177 2324 1732 2400; baseline -0.002 -17"><span class='ocrx_word' id='word_1_165' title='bbox 177 2348 268 2383; x_wconf 90' lang='lat' dir='ltr'>mo</span> <span class='ocrx_word' id='word_1_166' title='bbox 288 2326 422 2400; x_wconf 80' lang='lat' dir='ltr'>Regi</span> <span class='ocrx_word' id='word_1_167' title='bbox 446 2325 574 2380; x_wconf 90' lang='lat' dir='ltr'>nulli</span> <span class='ocrx_word' id='word_1_168' title='bbox 597 2345 701 2379; x_wconf 89' lang='lat' dir='ltr'>non</span> <span class='ocrx_word' id='word_1_169' title='bbox 725 2341 994 2398; x_wconf 86' lang='lat' dir='ltr'>parentant</span> <span class='ocrx_word' id='word_1_170' title='bbox 1026 2365 1042 2389; x_wconf 83' lang='lat'>‚</span> <span class='ocrx_word' id='word_1_171' title='bbox 1080 2324 1210 2378; x_wconf 89' lang='lat' dir='ltr'>nulli</span> <span class='ocrx_word' id='word_1_172' title='bbox 1246 2344 1353 2379; x_wconf 88' lang='lat' dir='ltr'>non</span> <span class='ocrx_word' id='word_1_173' title='bbox 1386 2326 1544 2379; x_wconf 85' lang='lat' dir='ltr'>edunt</span> <span class='ocrx_word' id='word_1_174' title='bbox 1572 2343 1732 2380; x_wconf 87' lang='lat' dir='ltr'>certa-</span> 
     </span>
     <span class='ocr_line' id='line_1_23' title="bbox 178 2416 1730 2491; baseline -0.002 -17"><span class='ocrx_word' id='word_1_175' title='bbox 178 2439 300 2474; x_wconf 91' lang='lat' dir='ltr'>men</span> <span class='ocrx_word' id='word_1_176' title='bbox 329 2419 588 2491; x_wconf 84' lang='lat' dir='ltr'>quoddam</span> <span class='ocrx_word' id='word_1_177' title='bbox 613 2418 860 2472; x_wconf 89' lang='lat' dir='ltr'>moeroris</span> <span class='ocrx_word' id='word_1_178' title='bbox 885 2459 896 2470; x_wconf 93' lang='lat'><strong><em>.</em></strong></span> <span class='ocrx_word' id='word_1_179' title='bbox 919 2419 978 2470; x_wconf 91' lang='lat' dir='ltr'>In</span> <span class='ocrx_word' id='word_1_180' title='bbox 1002 2436 1104 2489; x_wconf 87' lang='lat' dir='ltr'>quo</span> <span class='ocrx_word' id='word_1_181' title='bbox 1127 2436 1221 2471; x_wconf 90' lang='lat' dir='ltr'>nos</span> <span class='ocrx_word' id='word_1_182' title='bbox 1241 2416 1425 2471; x_wconf 88' lang='lat' dir='ltr'>ceteris</span> <span class='ocrx_word' id='word_1_183' title='bbox 1449 2417 1532 2474; x_wconf 89' lang='lat' dir='ltr'>Vel</span> <span class='ocrx_word' id='word_1_184' title='bbox 1556 2436 1695 2489; x_wconf 91' lang='lat' dir='ltr'>pares</span> <span class='ocrx_word' id='word_1_185' title='bbox 1714 2459 1730 2482; x_wconf 89' lang='lat'><em>‚</em></span> 
     </span>
     <span class='ocr_line' id='line_1_24' title="bbox 180 2507 1733 2582; baseline -0.003 -15"><span class='ocrx_word' id='word_1_186' title='bbox 180 2511 266 2567; x_wconf 84' lang='lat' dir='ltr'>vel</span> <span class='ocrx_word' id='word_1_187' title='bbox 287 2509 442 2564; x_wconf 88' lang='lat' dir='ltr'>etiam</span> <span class='ocrx_word' id='word_1_188' title='bbox 467 2508 750 2582; x_wconf 85' lang='lat' dir='ltr'>superiores</span> <span class='ocrx_word' id='word_1_189' title='bbox 772 2527 948 2562; x_wconf 88' lang='lat' dir='ltr'>sumus</span> <span class='ocrx_word' id='word_1_190' title='bbox 975 2529 987 2561; x_wconf 75' lang='grc' dir='ltr'>ε</span> <span class='ocrx_word' id='word_1_191' title='bbox 1031 2508 1115 2561; x_wconf 91' lang='lat' dir='ltr'>Tu</span> <span class='ocrx_word' id='word_1_192' title='bbox 1136 2527 1262 2564; x_wconf 86' lang='lat' dir='ltr'>Vero</span> <span class='ocrx_word' id='word_1_193' title='bbox 1284 2547 1300 2570; x_wconf 79' lang='lat'>,</span> <span class='ocrx_word' id='word_1_194' title='bbox 1338 2508 1424 2580; x_wconf 90' lang='lat' dir='ltr'>qui</span> <span class='ocrx_word' id='word_1_195' title='bbox 1443 2527 1535 2579; x_wconf 86' lang='lat' dir='ltr'>pro</span> <span class='ocrx_word' id='word_1_196' title='bbox 1555 2507 1733 2581; x_wconf 77' lang='lat' dir='ltr'>singu-</span> 
     </span>
     <span class='ocr_line' id='line_1_25' title="bbox 181 2599 1730 2675; baseline 0.001 -22"><span class='ocrx_word' id='word_1_197' title='bbox 181 2601 279 2654; x_wconf 88' lang='lat' dir='ltr'>lari</span> <span class='ocrx_word' id='word_1_198' title='bbox 316 2600 423 2672; x_wconf 68' lang='lat' dir='ltr'>ejus</span> <span class='ocrx_word' id='word_1_199' title='bbox 446 2601 698 2675; x_wconf 81' lang='lat' dir='ltr'>religione</span> <span class='ocrx_word' id='word_1_200' title='bbox 719 2642 734 2665; x_wconf 82' lang='lat'><em>‚</em></span> <span class='ocrx_word' id='word_1_201' title='bbox 771 2617 923 2672; x_wconf 89' lang='lat' dir='ltr'>atque</span> <span class='ocrx_word' id='word_1_202' title='bbox 945 2599 999 2653; x_wconf 86' lang='lat' dir='ltr'>in</span> <span class='ocrx_word' id='word_1_203' title='bbox 1023 2599 1364 2654; x_wconf 86' lang='lat' dir='ltr'>Christianam</span> <span class='ocrx_word' id='word_1_204' title='bbox 1385 2642 1399 2664; x_wconf 81' lang='grc'>,</span> <span class='ocrx_word' id='word_1_205' title='bbox 1424 2600 1507 2652; x_wconf 88' lang='lat' dir='ltr'>cui</span> <span class='ocrx_word' id='word_1_206' title='bbox 1531 2619 1730 2671; x_wconf 82' lang='lat' dir='ltr'>praees,</span> 
     </span>
     <span class='ocr_line' id='line_1_26' title="bbox 184 2691 1734 2763; baseline -0.001 -16"><span class='ocrx_word' id='word_1_207' title='bbox 184 2693 584 2763; x_wconf 84' lang='lat' dir='ltr'>Rempublicam</span> <span class='ocrx_word' id='word_1_208' title='bbox 607 2694 800 2748; x_wconf 87' lang='lat' dir='ltr'>meritis</span> <span class='ocrx_word' id='word_1_209' title='bbox 824 2736 838 2758; x_wconf 82' lang='lat'>,</span> <span class='ocrx_word' id='word_1_210' title='bbox 873 2691 1164 2747; x_wconf 86' lang='lat' dir='ltr'>arctissimo</span> <span class='ocrx_word' id='word_1_211' title='bbox 1186 2712 1305 2746; x_wconf 90' lang='lat' dir='ltr'>cum</span> <span class='ocrx_word' id='word_1_212' title='bbox 1329 2712 1391 2745; x_wconf 89' lang='lat' dir='ltr'>eo</span> <span class='ocrx_word' id='word_1_213' title='bbox 1412 2692 1599 2745; x_wconf 80' lang='lat' dir='ltr'>amoris</span> <span class='ocrx_word' id='word_1_214' title='bbox 1622 2691 1734 2748; x_wconf 85' lang='lat' dir='ltr'>Vin-</span> 
     </span>
    </p>
   </div>
   <div class='ocr_carea' id='block_1_2' title="bbox 187 2784 1731 2860">
    <p class='ocr_par' dir='ltr' id='par_1_2' title="bbox 187 2784 1731 2860">
     <span class='ocr_line' id='line_1_27' title="bbox 187 2784 1731 2860; baseline -0.001 -20"><span class='ocrx_word' id='word_1_215' title='bbox 187 2784 308 2840; x_wconf 88' lang='lat' dir='ltr'>culo</span> <span class='ocrx_word' id='word_1_216' title='bbox 328 2785 602 2842; x_wconf 84' lang='lat' dir='ltr'>adstrictus</span> <span class='ocrx_word' id='word_1_217' title='bbox 627 2785 903 2851; x_wconf 82' lang='lat' dir='ltr'>tenebaris,</span> <span class='ocrx_word' id='word_1_218' title='bbox 924 2787 1083 2860; x_wconf 83' lang='lat' dir='ltr'>longe</span> <span class='ocrx_word' id='word_1_219' title='bbox 1106 2827 1120 2852; x_wconf 84' lang='grc'>,</span> <span class='ocrx_word' id='word_1_220' title='bbox 1144 2786 1575 2842; x_wconf 70' lang='grc' dir='ltr'>ΒΞΑΤΙΞΞΙΜΕ</span> <span class='ocrx_word' id='word_1_221' title='bbox 1607 2786 1731 2840; x_wconf 77' lang='grc' dir='ltr'>ΡΑ·</span> 
     </span>
    </p>
   </div>
  </div>
 </body>
</html>
