2180 3537
1041 373 1111 425 4&
1154 384 1228 438 44
1272 377 1342 429 rs'*

402 496 511 533 tum
533 520 546 544 ,
588 477 692 549 jam
712 479 911 550 pridem
934 480 1057 535 odio
1081 482 1464 538 inflammatum
1487 481 1540 537 in
1564 482 1764 556 Regem
1787 527 1801 549 ‚
1843 483 1977 540 faci-

402 572 451 624 le
476 587 645 625 tamen
668 571 1035 627 intermortuae
1056 574 1247 630 veteris
1270 595 1392 649 erga
1415 577 1614 650 Regem
1639 577 1830 632 amoris
1852 577 1967 632 reli-

399 662 551 734 quiae
572 662 777 717 allicere
798 664 866 716 ad
888 665 1390 719 commiserationem
1415 685 1660 738 possunt.
1687 670 1970 724 Decretum

400 753 576 809 statim
600 754 664 808 fit
680 796 696 819 ,
738 772 796 809 ut
816 755 951 828 Regi
975 757 1040 809 ad
1076 759 1323 829 populum
1360 777 1642 830 provocare
1681 780 1746 814 ne
1779 761 1936 815 liceat
1953 797 1965 816 .·

399 847 511 899 Lex
533 861 676 902 vetat
694 887 710 911 ,
753 848 1046 920 quempiam
1068 890 1084 913 ⁷
1124 849 1364 921 quamvis
1387 849 1455 904 sit
1488 869 1679 906 nocens
1699 894 1714 916 ,
1757 853 1969 907 damna-

397 938 441 992 ri
465 939 647 1011 capitis
669 959 818 1012 posse
837 981 853 1004 ‚
876 940 975 995 nisi
997 939 1214 1011 judices,
1235 942 1323 1014 qui
1347 943 1698 997 condemnant
1716 985 1731 1008 ‚
1757 943 1861 998 sint
1882 945 1971 999 du-

395 1032 485 1102 plo
509 1033 674 1103 plures
693 1073 706 1095 ‚
731 1052 903 1104 quam,
925 1032 1013 1105 qui
1035 1035 1316 1090 absolvunt
1340 1075 1351 1086 .
1377 1034 1569 1087 Valeat
1590 1034 1645 1086 in
1675 1034 1964 1090 latronibus

396 1124 520 1178 haec
546 1123 876 1179 humanitatis
900 1141 950 1178 et
970 1125 1239 1196 aequitatis
1262 1124 1417 1195 plena
1438 1125 1524 1179 lex
1544 1167 1558 1188 ‚
1602 1126 1775 1181 valeat
1816 1125 1870 1179 in
1909 1125 1974 1180 si-

395 1214 547 1270 cariis
584 1235 600 1278 ς
641 1217 694 1270 in
732 1217 1126 1290 religiosissimo
1168 1218 1317 1290 Rege
1357 1218 1612 1289 impietati
1657 1220 1968 1276 devovendo

393 1325 500 1360 non
523 1308 661 1363 valet
682 1329 694 1361 ε
738 1309 983 1363 statuitur
1001 1351 1016 1373 ‚
1040 1309 1164 1364 satis
1187 1329 1298 1364 esse
1315 1351 1330 1374 ,
1374 1309 1418 1364 si
1441 1311 1599 1364 modo
1633 1308 1866 1381 judicum
1892 1311 1970 1365 di-

394 1398 558 1452 midio
581 1402 664 1456 vel
685 1421 818 1456 unus
839 1401 1054 1456 accedat
1077 1444 1087 1455 .
1135 1402 1286 1457 Unus
1310 1422 1376 1456 ex
1397 1401 1775 1474 potentissimis
1808 1404 1970 1456 Euro·

393 1511 490 1563 pae
512 1493 745 1566 Regibus
782 1514 903 1548 suae
940 1493 1239 1566 Majestatis
1279 1496 1559 1567 paullisper
1595 1494 1968 1561 obliviscitur,

394 1583 598 1656 iraeque
620 1587 913 1641 moderatur
930 1629 943 1651 ‚
987 1604 1045 1641 ut
1066 1588 1132 1641 ad
1154 1587 1423 1661 sanguinis
1446 1604 1763 1661 naturaeque
1801 1607 1967 1646 voces

394 1678 628 1732 animum
651 1679 923 1733 dumtaxat
944 1678 1187 1749 adjiciat:
1231 1682 1372 1751 quod
1392 1700 1486 1751 pro
1508 1699 1600 1735 sua
1622 1680 1785 1752 ipsius
1823 1681 1963 1735 salu-

397 1782 447 1822 te
468 1768 634 1823 facere
656 1769 1016 1843 dedignaretur
1035 1812 1049 1834 ,
1074 1770 1237 1844 Regis
1260 1771 1413 1824 amici
1439 1787 1490 1824 et
1511 1772 1724 1845 cognati
1748 1788 1970 1828 mortem

395 1862 654 1935 deprecari
676 1882 782 1917 non
804 1863 1031 1918 dubitat:
1057 1863 1185 1936 ipsis
1207 1861 1316 1934 ejus
1339 1862 1731 1936 oppressoribus
1754 1865 1974 1920 nuncia-

394 1956 438 2011 ri
458 1956 635 2029 jubet,
679 1976 800 2011 cum
832 1957 887 2011 in
926 1974 1069 2012 tanta
1099 1977 1280 2013 caussa
1301 1957 1581 2014 connivere
1620 1976 1726 2012 non
1762 1958 1969 2030 possit;

396 2066 574 2123 optare
595 2070 650 2106 se
670 2067 727 2105 ut
748 2052 911 2124 Regis
933 2053 1072 2108 vitae
1093 2068 1359 2125 parcentes
1381 2051 1482 2106 sibi
1504 2050 1795 2106 ulciscendi
1816 2070 1971 2106 occa·

396 2143 594 2197 sionem
615 2144 912 2216 praecidant
933 2186 948 2209 ‚
991 2162 1327 2217 avertantque
1347 2166 1377 2199 a
1400 2143 1574 2198 Gallia
1595 2159 1863 2198 aeternum
1886 2142 1968 2197 in·

397 2237 536 2289 fandi
560 2236 819 2308 parricidii
842 2239 1062 2293 dedecus
1084 2281 1094 2292 .
1140 2241 1284 2293 Haec
1310 2255 1413 2292 tam
1445 2236 1624 2311 magni
1666 2253 1768 2290 tam
1807 2254 1965 2309 gene-

397 2329 500 2383 rosi
521 2328 680 2402 Regis
702 2330 964 2400 postulata
985 2331 1254 2402 superbius
1275 2328 1609 2401 rejiciuntur:
1656 2326 1820 2385 virtus
1861 2326 1965 2383 vir-

397 2420 495 2474 tuti
516 2420 694 2477 favens
717 2421 1081 2493 impurissimis
1103 2420 1487 2492 conjuratorum
1521 2419 1691 2475 oculis
1723 2433 1963 2473 contem·-

396 2528 488 2583 ptu
511 2529 661 2585 atque
682 2514 805 2567 odio
830 2513 1036 2587 dignior
1058 2530 1268 2587 apparet
1293 2555 1305 2567 .
1351 2513 1501 2579 Quid
1536 2511 1732 2566 diutius
1771 2513 1962 2565 teneo?

400 2604 702 2660 Conventus
740 2607 952 2660 habetur
982 2627 999 2670 ·,
1040 2607 1211 2681 agitur
1247 2622 1564 2679 postremum
1603 2622 1784 2658 caussa
1819 2622 1836 2666 ;
1878 2622 1961 2658 ro-

399 2714 588 2768 gantur
624 2699 904 2752 sententiae
934 2720 948 2752 t
995 2701 1118 2753 dum
1157 2716 1403 2772 rogantur
1441 2714 1609 2750 tamen
1630 2739 1644 2761 ‚
1690 2695 1961 2750 circumfe-

399 2804 577 2844 runtur
598 2790 665 2844 ad
692 2789 1001 2866 aequitatem
1023 2791 1292 2845 arcendam
1315 2830 1330 2856 ‚
1373 2805 1524 2864 atque
1546 2789 1611 2845 ad
1633 2786 1962 2846 commisera-
